5117 5700
932 685 1620 727 m

473 707 525 814 84

473 882 584 969 sentit,
608 881 664 952 sed
687 886 787 974 etlab
808 883 881 952 illis
900 883 1183 969 riuuli,an‘tnes‚
1203 890 1276 952 imo
1299 887 1448 953 maxima
1472 864 1610 955 slumina
1634 890 1759 978 partim
1776 884 1892 963 saltent
1914 901 2090 986 originem

474 1002 614 1071 ducunt.
667 1002 799 1084 Musei,
821 1016 856 1070 tt
876 1004 1036 1069 omnibus
1057 1013 1198 1078 notum,
1224 1000 1355 1068 summi·
1376 1008 1407 1070 ci
1425 1001 1696 1073 humiditatem
1714 1010 1806 1072 terri
1823 1010 1873 1076 cel
1899 1020 1978 1081 aire
1991 1028 2095 1082 attra-

389 1129 397 1141 '
458 1117 580 1202 :huon
605 1117 739 1185 hincin
760 1119 847 1186 locis
871 1117 1020 1189 humidis
1040 1122 1219 1207 praecipue
1241 1123 1278 1184 in
1303 1122 1474 1186 mo‘ntium
1498 1125 1734 1189 cacuminibus
1760 1127 1893 1194 nebulis
1916 1131 1970 1195 vel
1994 1135 2096 1199 nubi·
2139 1188 2141 1191 .

377 1324 381 1333 ι
474 1241 540 1305 bus
557 1243 723 1304 continue
740 1235 810 1331 sere
825 1241 996 1326 conpertis
1014 1210 1242 1301 lubentissime
1257 1239 1388 1303 viuunt.
1439 1235 1541 1321 Aqua
1564 1250 1688 1319 autem,
1704 1263 1807 1324 quam
1831 1265 1875 1309 ex
1892 1254 1971 1312 aire
1988 1252 2098 1315 nebu.

415 1372 420 1383 ’
475 1352 549 1422 lose
568 1351 707 1443 sugunt,
734 1373 904 1440 quamque
925 1373 1065 1427 omnem
1088 1349 1286 1440 praecopii
1303 1357 1398 1442 poris
1420 1371 1541 1442 capere
1561 1375 1632 1419 non
1649 1352 1802 1445 possunt,
1828 1361 1960 1428 efoliis
1977 1385 2097 1432 ramu-

414 1448 448 1563 ,Χ
476 1467 592 1558 lisque,
604 1469 754 1546 defluens
775 1477 812 1534 in
834 1483 944 1536 terrae
959 1453 1083 1536 fissuris
1107 1480 1140 1534 et
1158 1473 1316 1535 cauernis
1331 1467 1524 1558 colligitur,
1549 1472 1783 1559 inferioraque
1798 1484 1916 1563 petens
1941 1477 2000 1546 sub
2017 1482 2097 1548 fou·
2116 1500 2133 1518 ··

475 1591 521 1654 tis
545 1586 598 1656 vel
619 1584 829 1675 scaturiginis
851 1583 995 1681 speciem
1019 1579 1158 1651 tandem
1180 1582 1382 1675 poiumptc'
1440 1584 1557 1653 Plures
1577 1590 1660 1663 iude
1687 1587 1802 1657 font'es
1825 1599 1862 1658 in
1883 1597 2034 1669 ristulum
2061 1611 2098 1664 et

368 1711 376 1739 ³
477 1704 582 1770 riuuli
597 1707 634 1768 in
652 1695 860 1769 immmcel
875 1684 1015 1774 fluuium
1030 1714 1266 1772 concrescunt.
1329 1701 1431 1770 Adeo
1453 1716 1571 1771 natura
1593 1727 1612 1770 e
1634 1711 1786 1773 minimis
1809 1716 2026 1799 maximeque
2045 1719 2099 1780 in.

326 1846 330 1855 ·
365 1816 369 1822 ’
477 1820 669 1910 conspicuis
680 1816 797 1890 cause
761 1816 1018 1910 grauissimos
1038 1815 1179 1884 effectus
1193 1818 1385 1915 producere
1405 1816 1520 1889 nouit!
1546 1822 1637 1888 luter
1660 1843 1807 1931 muscos,
1827 1832 1951 1911 quibus
1973 1830 2034 1896 illa
2052 1833 2098 1897 ad

479 1932 559 2005 eum
574 1937 681 2005 linem
695 1940 831 2014 ititur,
823 1933 1045 2024 Sphagnum
1065 1952 1112 2020 pn
1113 1924 1214 2022 lustru
1236 1947 1270 1998 et
1285 1933 1427 2032 Musam
1435 1930 1630 2051 fortianum
1646 1945 1774 2029 prinus
1796 1955 1907 2028 partes
1924 1950 2099 2049 obtinent.

478 2053 571 2123 Hinc
590 2053 686 2119 nulla
706 2051 809 2118 sera
797 2072 837 2115 ιιι
860 2045 1028 2118 montosis
1054 2054 1254 2136 regionibus
1276 2047 1489 2140 scaturigo
1466 2058 1510 2120 iis
1532 2068 1637 2121 caret.
1687 2055 1781 2144 Quin
1800 2079 1843 2122 ex
1861 2068 1979 2151 eorum
1996 2085 2098 2153 prae·

340 2166 343 2171 .
480 2169 587 2241 soum
615 2169 709 2260 stepo
737 2167 802 2234 pop
828 2179 986 2233 „numm
1020 2163 1262 2252 dignoscimus.
1329 2166 1384 2237 Sic
1411 2171 1466 2236 nbi
1491 2169 1633 2237 Matium
1655 2163 1807 2263 palaestro
1830 2142 1949 2245 crescit
1971 2201 2099 2266 aquam

479 2287 595 2356 subire
609 2291 788 2366 nouimus,
814 2295 848 2351 et
867 2263 1009 2348 Meuium
1024 2273 1220 2372 fontanum
1239 2303 1339 2383 puras
1356 2282 1574 2374 scaturigines
1595 2291 1741 2376 indicat,
1768 2293 1884 2357 vnde
1872 2315 1910 2358 ιιι
1932 2292 2037 2385 syluis
2063 2310 2099 2364 et

338 2486 343 2495 .
396 2435 401 2444 ’
481 2407 662 2500 paludibus
677 2403 815 2468 Sueciae
830 2397 1123 2487 Septemtrionalis
1139 2396 1294 2477 sololioc
1318 2422 1439 2469 musco
1461 2403 1574 2471 fontes
1590 2403 1719 2492 frigidi,
1732 2429 1880 2492 quorum
1906 2432 2029 2499 magna
2047 2419 2098 2480 ibi

416 2617 419 2626 Ι
483 2546 583 2616 copia
599 2521 663 2602 est
688 2479 842 2607 inelegari
858 2512 1001 2605 possunt.
1058 2513 1096 2585 ln
1112 2515 1199 2585 locus
1214 2535 1296 2581 vero
1313 2512 1505 2587 stercoratus
1527 2518 1734 2608 spreturum
1751 2523 2003 2612 altipullcceuut
2021 2535 2097 2599 ciue

380 2718 386 2727 ‚
484 2647 575 2710 vicet
590 2644 688 2730 gerit,
702 2650 738 2704 vt
751 2641 788 2699 in
804 2634 965 2728 tractibus
975 2631 1149 2716 Lapouiae
1163 2631 1330 2713 finitimis,
1346 2625 1555 2720 Spineticum
1571 2633 1792 2724 vasculusum.
1832 2640 2099 2741 Putrescentcna

483 2765 587 2828 etiam
603 2763 640 2824 in
664 2722 844 2845 paludibus
866 2763 988 2835 aquam
1010 2752 1117 2811 musci
1141 2745 1337 2830 absorbent,
1369 2749 1481 2838 sicque
1498 2770 1617 2842 puram
1639 2754 1826 2844 praesunt,
1850 2761 1896 2826 ita
1917 2759 2022 2830 πῶς
2040 2738 2131 2831 ω’.

286 2880 326 2948 <f
444 2967 446 2972 .
486 2877 710 2978 stitutaregio
727 2859 930 2957 otpsmcpto
945 2884 1018 2951 pop
1035 2869 1161 2977 exiguo
1178 2877 1319 2953 careret,
1384 2927 1389 2938 ,

638 3231 712 3301 Nec
732 3231 846 3296 mines
868 3248 925 3295 aer
944 3225 1063 3310 eorum
1083 3243 1152 3316 epe
1172 3228 1293 3314 purior
1308 3236 1342 3292 et
1357 3229 1457 3295 nobis
1473 3226 1747 3324 spiraliseuadit.
1796 3225 1924 3297 Aerem
1947 3228 2104 3303 athmon·
2142 3254 2143 3260 ¹

489 3348 687 3444 ριιιιιὶοιιιιι
707 3349 871 3416 eduabua
895 3348 982 3414 aeris
1005 3342 1178 3435 speciebus
1201 3365 1325 3433 nempe
1349 3364 1435 3430 goze
1457 3359 1560 3411 azoto
1576 3346 1694 3413 lethali
1714 3358 1748 3411 et
1760 3349 1849 3431 gaze
1864 3363 2041 3451 oxygcneo
2061 3356 2104 3417 ri·

487 3471 548 3537 teli
572 3472 797 3559 proportione
825 3464 1012 3549 inaequali
1024 3464 1223 3527 commixtis
1253 3467 1421 3549 componi
1444 3438 1653 3530 recentiores
1675 3460 1820 3529 chemici
1851 3446 2102 3535 demonstrant.

422 3570 425 3578 ’
489 3589 596 3677 Copia
613 3600 723 3654 autem
747 3588 838 3673 gazis
855 3602 926 3673 oxq
928 3601 1022 3669 gener
1043 3581 1142 3644 nobis
1163 3577 1206 3643 ad
1222 3573 1365 3643 halitum
1385 3582 1557 3664 vitamque
1572 3578 1781 3646 necessarie
1770 3586 1971 3660 innumeris,
1994 3580 2104 3650 catulis

490 3704 722 3773 iedefinenter
752 3705 972 3789 operantibus
998 3717 1061 3764 ext
1090 3711 1150 3783 gr·
1181 3691 1437 3774 combustione,
1476 3696 2014 3784 fermentationibusomnigenis
2040 3698 2103 3764 ilis

420 3867 424 3874 -
492 3818 699 3914 praesertim,
713 3839 813 3901 quam
831 3811 995 3881 acetosum
1005 3809 1272 3910 (fermentatius
1287 3807 1431 3898 occteuse
1447 3808 1552 3895 Gall.)
1569 3825 1710 3892 secant,
1736 3824 1828 3879 etex
1840 3817 1882 3880 ais
1899 3818 1975 3879 orti
1989 3828 2105 3904 putre·

491 3939 663 4016 factione,
686 3938 854 4002 continue
871 3936 1047 3998 m'muitur.
1118 3926 1210 3992 Hinc
1227 3926 1328 3993 vitale
1346 3927 1432 3994 illud
1447 3932 1657 4019 principium
1675 3932 1746 3995 cito
1763 3950 1829 3996 nos
1848 3930 2032 4007 deficeret,
2067 3935 2104 3997 ni

313 4068 320 4082 “
431 4057 437 4062 ’
492 4059 598 4143 benig
579 4075 642 4119 na
664 4049 919 4142 procidensque
941 4058 1062 4113 natura
1078 4066 1149 4112 eius
1171 4048 1391 4111 renouationi
1413 4057 1447 4111 et
1467 4043 1706 4114 restaurationi
1728 4044 1952 4148 consultusset.
2026 4046 2103 4114 Hoc

428 4245 432 4251 ἢ
491 4177 673 4264 praecipue
701 4162 939 4255 vegetabilium
969 4165 1011 4229 fu
1032 4160 1239 4241 ministerio,
1260 4182 1412 4248 quorum
1443 4162 1621 4250 pleraque,
1651 4158 1783 4253 fultgss
1804 4139 1918 4231 umen
1943 4157 2103 4257 byfflrquc

418 4286 426 4297 “
492 4291 650 4381 plurimis
673 4291 841 4371 exceptis,
871 4282 965 4347 soliis
990 4301 1050 4368 gaz
1078 4281 1285 4376 cerboneum
1295 4274 1488 4345 absorbent
1509 4292 1546 4345 et
1568 4302 1630 4368 gaz
1655 4286 1861 4367 exigenenm
1883 4279 2028 4357 luminis
2052 4279 2104 4349 rel

369 4390 382 4402 ¹
492 4414 585 4497 gazis
608 4403 820 4495 hydrogeeei
840 4398 977 4465 stimulo
1001 4365 1279 4484 libiademptum
1301 4393 1471 4461 exltalent.
1527 4396 1675 4464 uluscos
1694 4387 1796 4463 etiarn
1817 4398 1937 4465 eidem
1954 4403 2107 4488 proprie·

497 4537 566 4590 tate
590 4522 738 4611 gaudere
762 4501 1069 4584 obseruationibusl
1083 4512 1222 4579 constet.
1277 4512 1370 4578 Hinc
1390 4534 1512 4600 magna
1534 4526 1674 4580 naturae
1696 4535 1775 4601 erga
1795 4535 1861 4582 nos
1881 4516 2118 4602 benignitate,-

406 4681 409 4686 ·
494 4644 612 4706 bruma
628 4651 820 4702 recurrente
837 4631 966 4714 inerte
989 4631 1179 4721 plantisque
1200 4627 1424 4710 aestiualibus,
1440 4652 1583 4718 quarum
1600 4651 1666 4718 epe
1686 4652 1749 4717 gaz
1769 4628 1989 4724 oxqueneum
2007 4653 2106 4697 reno·

494 4761 652 4833 nabetur,
675 4747 858 4827 emortuis,
882 4757 920 4816 in
944 4771 1061 4815 eorum
1092 4753 1185 4813 vices
1215 4750 1324 4811 musci
1353 4744 1496 4813 subeunt
1520 4746 1783 4835 incredibilique
1812 4753 1923 4836 copia
1938 4752 2104 4861 exiguita-

408 4923 412 4934 ι
491 4889 564 4941 tem
590 4868 845 4958 compensantes
866 4870 1096 4935 uobisa'c'rcm
1119 4862 1310 4951 spirabilem
1335 4860 1514 4955 praestant.
1563 4862 1632 4931 Eos
1654 4875 1764 4936 antean
1788 4863 1946 4932 adustis
1964 4839 2106 4951 salubri·

494 5006 599 5058 tatem
626 4985 895 5056 conseruandant
921 4997 956 5052 et
973 4980 1214 5051 restituendam
1244 4977 1400 5049 sufficere
1420 4980 1651 5065 crediderint,
1685 5000 1763 5049 cum
1790 4956 1974 5071 plurimae.
1981 4981 2106 5059 causae,

1846 5119 1848 5123 ·
1985 5104 2105 5189 quibis
