5117 5700
470 830 537 895 ties
553 822 690 900 latiora,
710 804 1161 886 ”mucosa-acuminata,
1187 809 1223 864 et
1240 795 1312 862 sere
1328 780 1467 864 cordata
1483 799 1723 865 inueniuntur.
1786 796 1937 871 Dierons
1951 801 2086 878 hetero-

472 938 576 1012 massr'
589 939 654 1018 (B)
672 927 902 1023 perianthium
919 922 1012 993 soliis
1033 917 1168 994 macula
1185 934 1330 983 amoene
1349 913 1511 981 rutilante
1526 913 1595 982 basi
1615 920 1742 985 notatis
1761 917 1895 1009 insigne
1909 920 1965 990 est.
2013 920 2086 1014 Fis-

310 1133 317 1141 ¹
465 1052 582 1153 fidens
594 1046 871 1141 semicompsetur
892 1041 975 1108 solia
990 1035 1128 1131 caulina
1154 1055 1262 1107 neruo
1285 1031 1464 1113 instructa,
1491 1032 1715 1122 perigonialia
1736 1056 1817 1102 vero
1840 1037 2086 1112 exsuscieuleu

474 1179 578 1243 nobis
595 1167 751 1236 ostendit.
802 1161 898 1254 Quin
913 1176 948 1227 et
963 1155 1108 1244 saepius,
1133 1164 1168 1218 vt
1189 1147 1285 1238 supra
1307 1150 1456 1224 dictum,
1479 1147 1563 1218 solia
1586 1150 1811 1241 perigonialia
1830 1158 1923 1222 iater
1946 1155 1980 1225 se
1998 1157 2088 1227 sum·

473 1308 616 1377 mopere
646 1282 845 1371 discrepant.
916 1274 972 1342 Sic
998 1276 1037 1337 in
1063 1264 1197 1335 treberi
1220 1278 1369 1331 ructante
1391 1279 1530 1334 externa
1546 1268 1878 1353 uncto-lanceolata,
1904 1277 2001 1363 apice
2024 1274 2089 1345 sub¹

474 1409 570 1477 boui
584 1405 676 1472 lente
696 1394 887 1466 tenuissime
908 1387 1131 1468 denticulata,
1159 1384 1270 1450 media
1292 1382 1396 1471 longe
1418 1389 1602 1471 triquetra,
1625 1391 1747 1455 intima
1764 1378 1907 1455 tandem
1927 1391 2089 1480 angustis.

432 1519 580 1604 ima,
603 1519 823 1596 subsinearia,
848 1512 1066 1598 integerrima
1087 1500 1318 1584 obseruantur.
1382 1500 1420 1564 sn
1440 1498 1566 1568 Phorco
1583 1497 1749 1590 subusato
1771 1491 1915 1575 entarna
1936 1502 2088 1588 cordata,
2207 1558 2211 1569 .

478 1636 596 1707 obtusa
624 1638 869 1710 inueniuntur;
913 1631 1049 1690 interna
1073 1639 1154 1686 vero
1182 1614 1512 1685 ouum-lanceolata
1538 1626 1749 1707 caeterisque
1778 1622 1885 1713 dupio
1913 1622 2088 1713 longiora.

320 1832 326 1842 .
476 1750 653 1827 Barbarion
666 1745 812 1842 fussoria
832 1744 882 1826 (Β.
902 1729 1072 1824 imberbe)
1087 1731 1310 1825 perigonialia
1325 1739 1495 1800 exteriora
1510 1755 1618 1815 neruo
1631 1734 1785 1826 percursa
1802 1736 1893 1821 sont,
1917 1744 2088 1810 interiora

415 1898 424 1911 ·
480 1880 666 1939 ao'carent.
720 1856 1043 1950 Exemplo-taudem
1067 1850 1176 1918 musto
1193 1849 1414 1931 notabiliori,
1437 1849 1579 1919 Mnium
1598 1853 1743 1919 crudum
1761 1852 1844 1922 talia
1859 1853 2083 1946 perigenialia
2124 1857 2131 1869 “

478 1997 627 2072 quatuor
641 1972 803 2049 ordinum
822 1989 856 2044 et
870 1973 1016 2041 totidem
1034 1969 1105 2037 sere
1122 1967 1312 2035 formarum
1329 1950 1442 2033 habet.
1508 1966 1636 2036 Omnia
1657 1991 1779 2061 nempe
1794 1976 1890 2062 apice
1912 1971 1988 2041 sunt
2001 1975 2086 2042 den·
2173 2003 2175 2007 ’

478 2101 636 2181 ticulata,
666 2097 725 2164 sed
755 2116 826 2182 quo
847 2103 967 2185 centro
993 2091 1174 2199 propriora
1201 2082 1276 2149 sunt
1296 2104 1338 2149 eo
1371 2087 1479 2170 magia
1506 2106 1525 2149 a
1554 2086 1696 2152 cordati
1719 2082 1838 2175 figure
1855 2089 1900 2155 ad
1920 2089 2087 2160 linearem

480 2217 657 2285 accedunt.
682 2272 685 2277 .
715 2213 789 2278 imo
816 2207 981 2295 quaedam
1004 2209 1094 2270 inter
1117 2221 1158 2269 ea
1177 2201 1303 2267 danum
1321 2219 1409 2284 qnae
1432 2202 1563 2287 apicem
1580 2200 1694 2272 versut
1717 2208 1886 2292 atrimqua
1905 2212 2089 2293 triquetro-

480 2296 580 2398 erosa
594 2339 767 2416 apparent.
818 2321 978 2388 Nostrum
995 2333 1107 2384 autem
1123 2338 1195 2382 uon
1217 2314 1265 2380 est
1282 2320 1397 2380 omnia
1413 2313 1603 2383 formarum
1625 2316 1821 2386 discrimina
1835 2329 1970 2408 quaein
1989 2322 2087 2393 festia

481 2442 750 2536 perigeniasibus
766 2436 832 2503 sese
847 2439 950 2500 nobis
967 2432 1157 2511 ostendunt,
1175 2451 1373 2519 percurrere
1387 2442 1420 2494 et
1435 2429 1633 2501 describere.
1684 2435 1816 2504 Notatu
1826 2437 2016 2527 ttgntiima
2030 2461 2091 2509 ex·

482 2557 680 2650 posuimua,
713 2553 867 2639 haecque
887 2549 1057 2616 sufficient
1076 2560 1113 2614 at
1134 2545 1218 2613 iuda
1239 2559 1351 2635 pateat
1373 2557 1538 2632 quantum
1558 2549 1643 2618 sosia
1667 2554 1889 2643 perigenialia
1905 2576 1926 2626 a
1944 2563 2088 2626 caeteris

440 2652 446 2661 ¹
483 2672 673 2763 discrepent
702 2672 888 2758 quantique
915 2668 1100 2741 momenti,
1128 2660 1154 2729 si
1179 2667 1370 2730 accuratius
1400 2660 1678 2749 obstruerentur,
1703 2690 1890 2760 eorumque
1907 2675 2087 2762 indagatio

484 2797 600 2861 minue
614 2788 693 2860 esset
709 2789 813 2855 ardua
823 2832 832 2868 ‚
842 2783 903 2852 ‘ad
920 2782 1044 2873 species
1062 2778 1275 2848 definiendus
1290 2776 1353 2845 essa
1368 2776 1508 2870 possent.
1569 2783 1636 2852 Hie
1651 2790 1749 2852 etiam
1764 2787 2009 2856 obseruandum
2024 2787 2089 2858 ista

371 2899 374 2904 ¹
481 2907 585 2989 solia,
609 2914 709 2975 etiam
725 2903 930 2994 genitalibus
950 2920 1092 2975 munere
1106 2895 1165 2964 suo
1188 2895 1360 2964 desuuctia
1380 2908 1414 2960 et
1429 2905 1616 2987 corruptis,
1642 2923 1841 2990 permanere
1853 2919 1888 2992 et
1902 2904 1998 3001 saepe
2014 2928 2089 2977 non

483 3032 579 3118 prius
594 3045 696 3116 quam
711 3009 791 3091 cum
806 3014 877 3107 ipsa
896 3012 999 3105 stirpe
1018 3018 1171 3079 interire.
1214 3011 1317 3083 Nunc
1331 3012 1375 3079 de
1387 3011 1593 3101 genitalibus
1611 3014 1700 3107 ipsit.

586 3253 625 3319 sn
641 3249 915 3340 Posytricstorum
929 3246 1179 3337 Musarumque
1197 3246 1320 3322 rosulis
1335 3252 1465 3319 iamdiu
1484 3251 1680 3346 corpuscula
1699 3254 1890 3347 cylindrica
1908 3252 2091 3327 obseruata

486 3353 638 3457 fueram,
663 3369 721 3439 sed
735 3374 779 3438 de
794 3392 914 3438 eorum
933 3370 1052 3435 natura
1068 3380 1101 3433 et
1117 3366 1171 3434 vsu
1191 3389 1256 3459 pro
1271 3367 1413 3436 diuersia
1432 3368 1691 3464 obseruqtorum
1707 3376 1931 3463 opinionibus
1948 3387 1981 3441 et
1995 3374 2092 3467 systa-

486 3506 576 3561 mate
592 3485 722 3557 diuerse
738 3479 951 3555 sentiebatur.
993 3484 1067 3552 Alii
1084 3490 1208 3551 etenim
1227 3507 1264 3553 ea
1279 3507 1343 3575 pro
1358 3488 1540 3568 foeminis,
1563 3488 1621 3556 alii
1635 3512 1700 3579 pro
1713 3496 1796 3558 riuis
1811 3494 1975 3580 partubus
1988 3490 2092 3560 habe·
2171 3525 2176 3533 ·

458 3667 461 3672 .
485 3612 579 3677 bant.
628 3603 973 3690 PrimueHedwigiua
988 3599 1048 3666 illa
1069 3619 1265 3680 moerorum
1287 3601 1437 3669 mascula
1453 3609 1581 3693 organa
1595 3602 1658 3672 esse
1675 3605 1868 3697 suspicetis,
1890 3601 2089 3675 sententiam

487 3729 581 3795 stam
597 3724 892 3791 obseruationibus
910 3719 1066 3808 pluribus
1087 3733 1183 3788 extra
1202 3720 1344 3785 dubium
1365 3718 1487 3810 posuit.
1547 3721 1640 3791 Haeo
1655 3720 1731 3791 suut
1744 3728 1850 3811 igitur
1865 3722 2012 3796 meula
2031 3743 2091 3811 ge·

486 3840 626 3918 uitalia,
648 3849 813 3904 nontam
837 3839 923 3898 bene
942 3836 1081 3919 quidem
1104 3841 1143 3899 in
1165 3834 1337 3923 plerisque
1364 3843 1491 3903 muscia
1512 3857 1615 3922 quarn
1636 3835 1899 3927 in-Posytririia
1910 3837 2093 3927 Musisque

488 3950 698 4042 conspicua,
729 3955 769 4017 in
797 3951 959 4017 omnibus
986 3968 1086 4036 aero,
1127 3944 1158 4018 si
1187 3946 1306 4019 sedulo
1332 3965 1435 4046 atque
1463 3950 1525 4020 siro
1554 3966 1709 4051 tempore
1744 3952 2010 4047 transumatur,
2043 3975 2097 4025 te·

488 4068 668 4165 pariundo.
815 4091 819 4098 “
1525 4157 1533 4166 ,
1683 4105 1685 4110 ·
1794 4111 1798 4120 ·
2066 4103 2070 4112 ·

611 4303 665 4371 ·sn
682 4321 881 4371 muecotum
896 4315 933 4372 tt
949 4306 987 4370 in
999 4306 1235 4395 precariarum
1249 4302 1402 4400 stirpium
1419 4304 1631 4390 staminibus,
1649 4305 1735 4374 dnae
1749 4320 1862 4400 partae
1877 4305 2098 4378 obscurantur
2191 4361 2194 4370 .

278 4411 282 4418 ¹
330 4491 343 4510 ,
491 4444 614 4515 nempe
625 4415 846 4515 fisamntum
870 4423 963 4507 quod
983 4420 1131 4510 genitale
1152 4419 1289 4490 sustinet
1315 4436 1349 4491 et
1370 4422 1518 4490 anthero
1539 4420 1596 4491 seu
1621 4423 1757 4494 loculus
1771 4426 1944 4517 pollinem·
1957 4423 2098 4492 somnn-

495 4540 632 4607 ‹iantem
652 4547 804 4631 capient.
853 4533 1078 4611 Filamentum
1099 4543 1137 4603 in
1162 4537 1295 4606 similit
1317 4507 1430 4608 notit
1448 4562 1637 4628 numquam
1656 4564 1729 4610 non
1752 4540 1928 4633 praesent,
1947 4539 2004 4608 sed
2025 4539 2102 4632 ple-

496 4673 640 4738 rumque
654 4655 898 4724 breuissimum.
948 4651 1150 4742 Sphagaum
1161 4649 1327 4747 palestre,
1352 4655 1485 4743 Bryant
1499 4657 1743 4748 androgynum
1760 4655 1850 4747 (tt)
1869 4672 1905 4725 et
1917 4663 2101 4749 praecipue

498 4765 756 4838 Orthotrichum
770 4765 938 4862 strictum
954 4767 1006 4857 (B
1017 4766 1047 4853 ),
1066 4776 1156 4839 inter
1174 4793 1294 4842 omnen
1314 4794 1452 4844 muscos
1472 4773 1666 4865 longiffime
1679 4775 1923 4866 peduncusatas
1939 4772 2101 4843 antherae

496 4880 636 4953 babent.
683 4884 789 4978 Quod
802 4892 847 4957 ad
860 4888 1013 4982 loculum
1034 4887 1142 4981 ipsum
1161 4895 1304 4986 attinet,
1329 4888 1376 4961 est
1398 4892 1492 4966 illius
1512 4893 1625 4966 forma
1650 4892 1704 4964 res
1724 4891 1916 4989 cysindrica
1934 4878 2124 4974 lateribue'
2161 4952 2196 4970 „

1842 5147 1849 5154 ι
1955 5007 2113 5152 ceuling
2149 5106 2151 5111 .
