5117 5700
459 634 484 707 a
790 618 1569 669 ··--·······’·····’···

461 817 680 888 nouellorunr
706 811 813 882 basirn
841 809 910 878 siue
937 812 1041 874 ramis
1069 805 1234 884 soliisre„
1253 803 1336 868 hinc
1363 805 1458 872 illico
1481 801 1625 874 radices
1643 813 1797 893 emittent
1818 811 1942 897 quibus
1964 809 2062 898 quafi

461 935 642 1005 tentaculis
659 933 845 1016 fulcrisque
858 926 965 995 horno
985 923 1120 987 aduecti
1137 933 1171 988 et
1186 920 1315 1008 alligari
1331 933 1457 987 amant·
1521 921 1691 991 'Palostres
1714 928 1792 994 ideo
1819 931 1927 992 musci
1947 939 2062 993 terrae

311 1088 319 1098 ·
458 1050 586 1119 lutosae
607 1049 811 1140 plerumque
829 1043 915 1110 adeo
935 1035 1101 1117 lrnrnsrsi,
1121 1048 1156 1103 vt
1177 1058 1299 1102 eorum
1326 1038 1432 1104 ceolis
1454 1035 1563 1106 humo
1581 1040 1857 1120 obrutosleteat,
1885 1041 1988 1107 denso
2009 1054 2062 1110 to·
2150 1118 2156 1127 ,

461 1177 581 1235 mento
599 1185 691 1231 nunc
703 1160 781 1228 ruso
803 1180 895 1225 nunc
915 1159 1106 1244 nigricante
1123 1151 1364 1233 obsessiontur,
1391 1154 1487 1241 qood
1501 1173 1545 1223 ex
1561 1161 1815 1223 innumerarum
1829 1156 2063 1255 radicularorn
2142 1233 2148 1241 ,

462 1288 624 1369 congerro
616 1268 779 1347 constat.
828 1274 909 1340 Pars
934 1285 1045 1336 autern
1069 1268 1203 1356 plantae
1231 1270 1403 1338 radicibus
1426 1250 1621 1338 emittendis
1644 1273 1872 1358 fouendisqoe
1895 1248 2062 1362 aptissims
2131 1304 2139 1319 ·

319 1468 326 1479 ,
463 1410 596 1489 praeter
618 1388 862 1471 ceulisbesun,
886 1384 1113 1455 estfoliorurn
1132 1380 1287 1449 sessiliunr
1310 1381 1395 1450 basis
1419 1384 1472 1452 rel
1491 1386 1612 1466 axilla,
1643 1390 1746 1472 idque
1768 1409 1840 1454 non
1860 1399 1993 1455 tanturn
2020 1394 2061 1455 iu
2169 1472 2178 1486 ἡ

465 1515 614 1601 muscis,
633 1508 689 1576 led
705 1502 805 1574 etiirn
821 1510 857 1569 iu
879 1507 1020 1587 caeteris
1036 1498 1128 1589 stirpi
1119 1502 1203 1566 &bos
1252 1499 1308 1577 Sic
1322 1496 1497 1593 Parnsffis
1509 1493 1673 1596 palustris
1687 1524 1706 1568 e
1722 1501 1788 1569 basi
1807 1502 1883 1570 solii
1899 1509 1990 1571 rnicr
1979 1503 2063 1571 'sel-

464 1626 535 1693 silis
558 1625 691 1693 caulem
714 1615 948 1709 amplectentis
973 1615 1140 1685 radiculas
1157 1615 1341 1682 nonnullas
1362 1617 1452 1705 pilos
1474 1617 1598 1706 longos
1624 1617 1835 1686 succulentos
1858 1620 2078 1689 mentientes-

464 1745 615 1832 promit:
647 1743 732 1806 atio
747 1732 1067 1812 foliisradicalibus,
1087 1731 1349 1819 quaepetioleta
1367 1728 1455 1812 sunt,
1469 1731 1557 1797 nihil
1572 1736 1940 1805 eiusmodiinuenitor.
1989 1736 2062 1804 Ses-

466 1855 527 1931 srls
544 1854 665 1933 solium
680 1850 852 1925 eutemld
866 1846 969 1927 talem
988 1845 1216 1932 radicularurn
1230 1845 1440 1918 ernisliooern
1456 1869 1498 1923 eo
1511 1849 1717 1938 petillinsum
1735 1840 1949 1932 desideramr,
1967 1851 2064 1939 qped
2154 1898 2156 1903 .

447 1976 602 2041 ¹ineius
623 1969 728 2035 exilii
751 1967 876 2034 humus
897 1964 1079 2031 adnectitia
1101 1961 1233 2040 lucilius
1256 1961 1447 2047 subsidere
1445 1975 1480 2029 et
1503 1974 1678 2033 r'ernenere
1701 1966 1818 2057 potest,
1882 1967 2067 2036 Caeterum

468 2108 666 2156 muscororn
685 2085 769 2159 folia
789 2104 862 2150 nou
878 2093 1011 2148 tanturn
1027 2077 1157 2158 axillis,
1182 2075 1237 2143 sed
1262 2082 1364 2144 etiarn
1384 2082 1536 2166 apicibus
1552 2096 1587 2147 vt
1609 2087 1645 2146 ιιι
1664 2081 1788 2170 Hypso
1805 2081 1955 2161 lucente,
1990 2088 2065 2150 imo

467 2216 503 2273 et
530 2205 728 2290 rosqudque
753 2205 852 2264 nerui
878 2210 991 2287 parte,
1027 2197 1082 2261 rbi
1108 2212 1231 2281 nernpe
1242 2191 1326 2281 lolii
1348 2197 1488 2279 pagina
1499 2199 1756 2275 membranacea
1777 2211 1883 2273 aetate
1903 2212 2066 2296 corrupit
2125 2287 2138 2295 -

298 2326 302 2335 ’
360 2364 363 2369 -
464 2324 588 2411 periit,
619 2321 705 2388 utin
723 2305 1299 2405 TimmiriMegiopolitunillsedu
1317 2307 1628 2387 rediceslundont·

609 2523 735 2639 Quoad
759 2508 945 2632 originem,
971 2542 1102 2608 radices
1125 2541 1201 2608 sunt
1221 2540 1272 2609 rel
1291 2542 1552 2629 primordiales,
1581 2567 1665 2632 quae
1684 2569 1702 2616 a
1719 2548 1854 2625 seminis
1876 2556 1914 2618 ιιι
1935 2551 2095 2642 ριιιιιιιι,

472 2666 544 2734 lam
563 2663 792 2754 explicatione
808 2659 995 2749 praesentes
1011 2658 1164 2736 loeront,
1191 2656 1243 2723 vel
1254 2651 1489 2744 succedantur,
1509 2681 1591 2757 quas
1609 2665 1714 2733 caulis
1728 2680 1822 2754 parte
1837 2665 1893 2734 sua
1905 2668 2074 2759 inferiore
2098 2700 2101 2707 ·

379 2811 385 2817 ·
475 2779 615 2852 diuersis
632 2781 844 2870 temporibus
859 2773 975 2843 emisit.
1034 2773 1147 2841 Radix
1160 2786 1275 2839 ardens
1288 2776 1539 2863 primordialis,
1563 2780 1796 2867 praesertimti
1817 2788 1916 2850 voice
1937 2797 1973 2850 et·
1985 2782 2074 2852 cras.

473 2897 616 2967 fiusculs
637 2896 695 2977 llt,
720 2918 792 2961 non
806 2916 885 2961 rero
903 2898 941 2958 in
957 2888 1069 2979 ipsum*
1084 2888 1216 2956 caulem
1238 2893 1284 2953 ita
1303 2897 1540 2975 continuator,
1552 2871 1592 2958 'vt
1605 2901 1663 2960 rix
1677 2896 1874 2983 dignoscere
1895 2921 1997 2987 queas
2012 2904 2071 2969 nbi

475 3014 533 3083 lsic
546 3017 707 3101 incipiat,
723 3010 781 3074 illa
797 3007 932 3076 desinat.
982 3002 1182 3090 Exemplum
1202 3005 1364 3089 praebent
1373 3004 1514 3071 Neclera
1529 3006 1730 3076 dendroides
1742 3009 1823 3096 (H)
1839 3012 2074 3101 Polyrrichum

477 3128 687 3201 andoletum
704 3119 779 3207 (B)
800 3134 865 3190 eto,
913 3119 1004 3186 Hinc
1023 3123 1126 3184 etiarn
1142 3130 1256 3184 orturn
1271 3130 1306 3183 rt
1321 3140 1397 3206 pars
1420 3121 1536 3188 eadem
1560 3123 1614 3191 his
1637 3131 1832 3197 auctoribus
1852 3131 1968 3207 radix,
1998 3130 2073 3199 illis

478 3266 561 3315 sero
575 3255 715 3308 ιιιιιιοιιι
727 3235 782 3304 rel
797 3234 946 3302 surculus
962 3235 1103 3304 dicatur.
1162 3233 1220 3303 Sic
1233 3245 1362 3321 portem
1377 3236 1525 3303 illam'in
1540 3230 1684 3307 Neclera
1702 3241 1882 3311 dendrosde
1897 3258 1930 3311 et
1945 3240 2075 3335 Hypsas
2134 3233 2158 3273 '³

457 3361 669 3450 elapsum,
688 3375 788 3442 quarn
802 3353 956 3441 plerique
975 3350 1129 3417 Batauici
1144 3349 1293 3416 radicem
1314 3366 1445 3432 vocant,
1466 3376 1530 3444 pro
1551 3352 1687 3423 surculo
1705 3362 1933 3429 vererenoed
1948 3372 2076 3430 umen

479 3476 574 3545 lenio
590 3485 832 3556 ramorumque
845 3464 1167 3557 ponderedepresso
1180 3463 1315 3545 habeo,
1339 3476 1505 3555 tunquie
1525 3472 1623 3538 radix
1641 3476 1873 3561 primordialis
1890 3489 1998 3544 aetat.
2016 3480 2076 3546 ab.

341 3566 346 3588 .
481 3590 609 3680 sumpta
636 3586 700 3655 elle
720 3586 872 3665 videtur,
905 3594 977 3656 turn
1002 3591 1143 3670 propter
1163 3579 1247 3648 folia
1274 3579 1563 3666 uoamadormis,
1589 3592 1712 3672 quibus
1740 3589 1853 3679 psffirn
1881 3595 2076 3678 obducitur,
2141 3663 2157 3690 x

484 3710 581 3796 qood
594 3706 703 3772 radici
715 3707 773 3770 aix
788 3705 960 3767 conuenit.
1010 3694 1137 3785 Hypera
1152 3695 1313 3786 pleraque
1328 3702 1442 3768 radice
1453 3705 1666 3789 primordiali
1681 3728 1796 3775 carere
1819 3710 1994 3791 ridentur3
2019 3708 2078 3778 sed

413 3802 415 3805 ⁵
485 3822 609 3889 illem
599 3841 637 3884 ιιι
650 3822 783 3903 origine
795 3813 934 3880 adfuisse
949 3812 1062 3900 palem
1075 3812 1136 3890 est,
1163 3834 1241 3877 cunr
1257 3835 1336 3880 vero
1353 3816 1533 3884 duratione
1552 3826 1695 3907 perenni
1707 3824 1767 3889 illa
1781 3826 1960 3912 gaudeant,
1977 3825 2079 3897 radix

485 3931 719 4028 primordialis
736 3950 818 3994 curn
839 3927 946 4001 caulis
960 3929 1105 4017 partein
1108 3925 1226 4004 seriori
1244 3939 1400 4089 tempore
1414 3947 1578 4027 corrupta
1596 3936 1781 4023 euanescit,
1802 3954 1835 4010 et
1854 3940 2080 4020 mmmm
2168 3955 2176 3968 ·

465 4051 685 4122 *insusurres
702 4052 834 4136 geues
1038 4066 1042 4074 ·
1951 4088 1958 4096 .

625 4286 662 4358 Si
686 4285 729 4393 ed
753 4287 978 4358 directionem
1006 4283 1163 4378 respicias
1189 4290 1322 4358 radices
1343 4311 1539 4362 muscornrn
1571 4294 1645 4363 sont
1671 4297 1724 4367 rel
1748 4310 1920 4390 repentes,
1960 4313 2085 4389 nempe

488 4427 597 4498 prope
611 4419 720 4473 terrae
733 4402 941 4490 superficiem
961 4403 1024 4470 sese
1037 4402 1289 4473 horisontaliter
1303 4413 1539 4493 extendentes,
1560 4423 1595 4480 'vt
1609 4420 1644 4478 in
1658 4416 1857 4504 palustribus
1874 4420 2003 4482 muscis
2019 4413 2088 4501 ple·

491 4531 623 4609 risque,
654 4522 708 4592 sel
734 4518 906 4607 obliquae,
935 4520 989 4586 rel
1009 4522 1147 4587 tendens
1171 4524 1470 4613 perpendiculares
1488 4542 1523 4595 rt
1543 4551 1737 4599 marcorum
1754 4533 1874 4620 volgus
1895 4553 1950 4597 eas
1964 4529 2086 4609 hebed

493 4640 543 4703 illi
563 4638 749 4727 praesertim
771 4642 829 4725 qui
849 4639 885 4702 in
902 4634 974 4700 solo
994 4635 1152 4723 argilloso
1167 4645 1295 4705 uiuunt.
1344 4640 1438 4708 Inter
1455 4660 1608 4732 repentes
1623 4661 1732 4714 autem
1751 4665 1807 4712 ree
1819 4644 2011 4741 proliserae
2033 4643 2130 4715 uel

487 4746 706 4847 stolonisersc
720 4759 902 4838 deantur,
918 4773 937 4822 e
954 4775 1095 4840 quarum
1112 4756 1263 4846 processa
1278 4776 1392 4829 anuos
1410 4761 1515 4831 caulis
1529 4763 1582 4833 rel
1596 4762 1683 4833 stolo
1704 4770 1859 4880 erumpit.

1827 5089 1829 5094 Ι
1966 4946 2109 5066 l'ormir·
