5117 5700
421 900 427 907 ¹
555 831 638 891 vero
653 809 919 898 operenlatosetl
935 811 1094 876 dentibus
1110 819 1168 875 aut
1182 805 1719 896 v'aluulie-pluribus-dehiscente
1733 806 1916 896 gulone·
1948 804 2098 880 Rtointle
2113 835 2175 915 ea·

451 976 454 981 -
558 926 710 1016 stirpium
741 927 869 994 familia
894 931 936 993 de
960 930 1026 1012 qui
1048 930 1084 989 iu
1112 923 1176 988 isto
1200 946 1304 1010 opere
1323 930 1498 990 tractaturi
1525 921 1636 990 sumus
1663 924 1740 990 illas
1762 938 1892 1001 tautum
1914 929 2159 1016 complectitur

443 1021 450 1031 ⁸
551 1041 692 1133 'plantas
719 1065 804 1129 quae
826 1043 883 1109 sub
904 1043 1110 1108 Dillenianis
1132 1038 1190 1105 sex
1210 1043 1409 1127 generibus,
1440 1037 1556 1119 Mnin,
1588 1030 1767 1127 Sphngtto‚
1790 1039 1987 1120 Fontinali,
2017 1043 2157 1133 Hypno‚
2263 1048 2265 1053 '

557 1158 669 1244 sirpo,
695 1156 949 1255 Polptricltnqtte
967 1158 1123 1222 militant.
1185 1155 1257 1221 Hae
1279 1153 1398 1243 stirpes
1419 1154 1594 1242 hucusque
1609 1153 1881 1249 Muscisrondoss
1904 1160 2042 1239 dictae,=
2056 1175 2093 1229 et
2110 1168 2157 1233 ab

474 1274 477 1279 ’
558 1280 613 1353 iis,
630 1297 718 1363 quae
735 1298 825 1341 nunc
840 1275 1028 1359 Htpntt'cne
1046 1274 1198 1352 audiunt,
1218 1268 1519 1359 distinguerentur,
1542 1275 1642 1338 uobis
1658 1295 1738 1340 vero
1754 1272 1866 1339 Musti
1882 1273 2078 1362 simpliciter
2091 1302 2158 1348 nu·

559 1397 707 1472 minatae
722 1392 923 1479 peculiarem
943 1390 1132 1476 plantarum
1148 1390 1304 1455 ordinem
1326 1387 1450 1465 sistunt,
1468 1412 1552 1474 quae
1569 1388 1649 1455 licet
1670 1414 1747 1454 cum
1767 1397 1907 1457 caeteris
1924 1401 2158 1485 cryptogamis
2256 1404 2258 1409 '

559 1507 725 1591 nonnulla
742 1512 935 1592 communia
955 1505 1115 1585 habeant,
1141 1509 1242 1571 abiis
1265 1501 1491 1570 essentialibus
1513 1511 1739 1570 caracteribus
1761 1507 1945 1588 differunt,
1971 1522 2004 1575 et
2026 1532 2045 1575 a
2064 1512 2160 1578 futu·

525 1645 531 1654 ·
559 1627 607 1690 ris
623 1624 794 1689 Botanicis
814 1628 848 1687 in
864 1624 1004 1689 Linnaei
1032 1598 1147 1686 vlssimt
1161 1619 1258 1685 classe
1276 1594 1468 1687 nullatenus
1493 1620 1743 1706 relinquentur,
1768 1628 1892 1710 quippe
1907 1645 1990 1709 quae
2005 1617 2157 1714 Lycupn·
2260 1612 2271 1626 ⁸

481 1739 482 1742 ’
560 1738 631 1805 diss
645 1760 702 1805 ex:
719 1760 772 1825 gr:
796 1745 905 1825 quoad
928 1739 1175 1805 florescentiam
1192 1742 1306 1803 minus
1320 1735 1412 1805 sorte
1431 1733 1496 1802 lint
1513 1735 1634 1804 affines
1651 1761 1750 1825 quam
1769 1737 2053 1822 Ptantnntnttus,
2074 1743 2160 1810 Cett-
2198 1745 2203 1752 “

559 1854 712 1922 tuncult't
730 1855 972 1942 nonnullisque
986 1852 1217 1942 aliisplantls,
1243 1875 1388 1942 quarum
1403 1848 1553 1933 corollae
1567 1855 1780 1921 acuminibus
1796 1855 1984 1942 petalorum
1997 1878 2156 1925 arescen-

559 1975 652 2036 tibus
673 1976 874 2053 conniuent,
899 1985 931 2036 et
953 1972 1101 2037 fructum
1124 1983 1371 2058 turgescentem
1393 1969 1564 2062 calyptrae
1584 1971 1687 2038 instar
1706 1976 1831 2037 «liutius
1858 1975 2016 2060 obtegere
2034 1972 2156 2045 solent.

502 2111 517 2160 t
562 2083 649 2178 Quis
657 2087 759 2176 lucus
775 2101 887 2158 autent
904 2094 943 2156 in
956 2088 1100 2155 Liuuaei
1117 2085 1292 2178 systemate
1312 2084 1588 2176 iis·affiguandus
1602 2086 1749 2157 fitunfrr
1764 2089 1965 2158 ridebimus.
2089 2065 2093 2072 ¹

384 2238 398 2279 t
