5117 5700
900 631 1557 727 m
1944 636 2032 743 ἠ,
2073 678 2075 683 ,

495 878 497 883 .
597 822 730 894 Totum
753 819 863 910 postea
883 818 981 891 suum
1003 821 1047 887 de
1070 839 1268 887 muscetum
1290 823 1511 906 generatione
1532 818 1668 912 systema
1684 821 1893 915 Hedwigius,
1916 833 1954 895 in
1974 827 2033 897 lna

424 940 572 1016 Τιιοιιιι
591 940 825 1029 generationis
840 950 874 1005 ιι
879 929 1168 1028 fructificationis
1179 932 1389 1023 ploratorum
1396 934 1541 1037 Linnqei
1555 945 1900 1028 cryptogomt'rarum,
1916 968 2031 1031 quarn·

423 1066 478 1131 nis
500 1064 650 1139 breuius,
671 1078 742 1123 non
760 1061 875 1122 minos
893 1069 1007 1121 tamen
1023 1066 1178 1119 accurate
1197 1050 1414 1137 dilucideque
1429 1056 1612 1139 expediuit.
1666 1057 1797 1146 Nempe
1813 1058 2032 1128 scientiarum

422 1177 610 1248 Academia
628 1173 881 1260 Petropolitana
897 1190 916 1235 e
933 1167 1485 1254 florescentid-propagationeque
1502 1168 1652 1247 filicum,
1673 1172 1871 1249 muscorunl
1885 1189 1947 1241 etc.
1965 1196 2032 1242 me·

333 1292 335 1297 ’
380 1308 395 1339 ·
422 1288 489 1365 lios
507 1296 654 1382 cognitis
669 1290 744 1358 rsus
767 1289 936 1378 plurimos
957 1291 1042 1369 oriri
1058 1270 1150 1372 posse
1165 1281 1386 1372 perspiciens,
1412 1280 1498 1349 hanc
1512 1284 1746 1370 quaestionem
1761 1290 2033 1381 respondendam

335 1422 338 1427 ’
421 1420 595 1504 pro'anno
614 1411 707 1494 1783
726 1401 916 1492 proposuit:
951 1403 1047 1490 Quat
1061 1396 1134 1492 fine
1151 1411 1274 1487 portes
1293 1395 1462 1485 genitales
1482 1412 1804 1490 cryptogcmorum,
1829 1402 2033 1495 mudusfce·
2142 1418 2144 1427 ·

422 1523 642 1607 cunctationis
658 1535 690 1589 ιι
697 1516 835 1608 fiscina
844 1541 859 1596 ;
883 1521 1031 1606 itemque
1046 1536 1093 1584 ιι
1109 1515 1281 1604 auctoque
1284 1511 1357 1607 fiat
1372 1516 1408 1578 a'n
1425 1516 1593 1600 omnibus,
1609 1538 1696 1608 quoe
1710 1521 1757 1586 acl
1772 1520 1860 1585 huuc
1872 1523 2032 1609 ¹ordinem

421 1641 590 1728 litemque
604 1633 757 1728 suerunt
778 1631 933 1701 relatae?
963 1633 1067 1725 Quod
1090 1616 1279 1721 problema,
1300 1644 1354 1698 tot
1374 1638 1508 1720 magnis
1524 1647 1664 1701 naturae
1680 1634 1923 1705 scrutatoribus
1939 1634 2031 1702 iulo·
2083 1670 2086 1679 ·

420 1758 527 1825 lubile
542 1755 660 1840 visum,
673 1752 903 1843 Hedwigiuse
921 1754 1069 1840 propriis
1086 1745 1380 1816 obseruationibus
1403 1761 1436 1814 et
1452 1730 1694 1854 experimentis¹
1716 1738 1813 1819 solrlri
1833 1751 1891 1818 sual
1907 1748 2031 1848 sagaci·
2126 1794 2131 1803 ·
2179 1766 2182 1773 ’

421 1888 489 1964 tate
508 1885 541 1940 et
562 1882 726 1957 quantum
741 1867 974 1934 hacnoudunr
990 1858 1105 1933 adulta
1120 1861 1276 1932 scientiae
1291 1875 1399 1931 aetate
1415 1863 1493 1931 lieri
1510 1851 1637 1954 potest,
1661 1866 1773 1941 soluit.
1816 1870 1897 1938 Fius
1915 1867 2032 1936 disser-

361 1990 392 2020 '·
420 1996 516 2071 tatio,
544 2006 626 2073 quae
649 1982 825 2073 proposito
849 1987 1003 2070 praemio
1020 1993 1140 2048 ornata
1166 1979 1486 2081 etPetropolitanae
1505 1980 1712 2051 Academiae
1729 1992 1819 2076 typis
1841 1990 1930 2052 edita
1953 1985 2029 2065 scit,

420 2123 571 2192 quaeque
592 2096 748 2167 omnium
762 2099 955 2186 plantarum
974 2112 1272 2185 cryptogamarum
1288 2093 1454 2160 theoriam
1469 2074 1549 2160 ιιιιιι
1562 2109 1769 2183 naturaeque
1783 2104 1913 2165 interna
1930 2120 2030 2188 pene-

418 2220 517 2288 tralia
531 2215 698 2298 recludit,
710 2218 852 2305 triginta
866 2223 900 2281 et
915 2211 1038 2303 septem
1052 2216 1211 2281 iconibus
1224 2208 1421 2295 illustratur,
1436 2214 1558 2297 quibus
1573 2216 1632 2280 rix
1648 2217 1831 2329 quicquam
1846 2213 2047 2313 pulchrius-

417 2340 514 2406 cerni
535 2329 656 2425 potest.

591 2563 694 2654 Quod
715 2563 759 2629 ad
780 2561 876 2631 istam
894 2562 1065 2655 Hedwigii
1090 2582 1288 2633 muccosum
1309 2557 1550 2634 frondosarum
1570 2560 1737 2636 theoriam
1759 2566 2029 2653 methodumque

417 2683 483 2751 hac
502 2676 573 2762 beli
594 2676 850 2768 superstructam
873 2685 1014 2756 attinet,
1040 2687 1158 2747 avitis
1179 2680 1336 2767 plurimis
1359 2687 1483 2747 acriter
1498 2689 1697 2771 impugnata
1720 2683 1784 2766 est,
1805 2684 1930 2751 etlane
1945 2687 2028 2750 vitia
2111 2688 2115 2695 '

398 2760 494 2876 lue,
514 2799 679 2870 etcmnia
698 2801 824 2864 mantia
839 2793 1143 2884 humanaeopera,
1170 2792 1281 2860 habet.
1316 2794 1515 2878 Fatendum,
1536 2798 1842 2887 inuestigationem,
1844 2801 1899 2865 nd
1918 2815 2041 2885 genus·

416 2916 552 3006 plantae
566 2910 630 2980 hac
646 2909 809 2980 methodo
824 2913 1022 2992 eruendum,
1039 2907 1250 2977 necessariam
1254 2911 1483 3001 ,summopere
1497 2914 1638 3008 arduam
1653 2912 1726 2992 elle,
1736 2926 1769 2978 et
1781 2912 1849 2978 line
1861 2918 2025 2989 vitrorum
2047 2927 2051 2936 “

372 3047 375 3054 “
417 3029 562 3100 multum
576 3033 771 3117 augentium
787 3050 852 3118 ope
866 3033 924 3096 vix
939 3025 1187 3094 instituendam
1218 3028 1385 3113 Equidem
1400 3026 1616 3116 peristomata
1632 3003 1794 3119 simplicia
1808 3031 1902 3096 nudo
1920 3028 2025 3097 ocule

415 3144 616 3234 inuestigare
638 3166 825 3230 eorumque
847 3144 1002 3211 dentium
1025 3166 1204 3211 numerum
1226 3123 1350 3230 assequi
1372 3145 1568 3234 plerumque
1592 3144 1784 3235 possumus;
1814 3159 1849 3212 at
1873 3153 1911 3242 in
1932 3168 2025 3212 com·
2057 3201 2062 3226 2

415 3262 550 3354 politis,
572 3259 797 3350 peristumatis
812 3266 940 3328 interni
956 3283 1048 3328 nunc
1064 3245 1188 3340 ciliati‚
1215 3282 1308 3326 nunc
1330 3264 1561 3330 emembrana
1583 3264 1760 3351 producti,
1788 3257 1885 3338 nunc
1904 3271 2026 3330 reticu·

415 3381 477 3448 lati
494 3377 691 3442 structorem
709 3383 786 3459 quis
800 3381 989 3440 inermibus
1008 3389 1066 3440 aut
1086 3387 1218 3442 tantum
1243 3377 1367 3438 leuiter
1388 3385 1526 3441 armatis
1541 3379 1650 3442 oculis
1666 3377 1921 3461 deprehendere
1941 3377 2026 3441 vale·

415 3484 493 3564 bit?
529 3490 621 3580 Quid
638 3489 662 3555 lt
680 3511 699 3556 a
718 3488 831 3554 fructu
846 3489 889 3555 ad
903 3487 1008 3552 flores
1028 3485 1116 3575 ipsos
1134 3488 1336 3552 decernimus
1352 3485 1464 3552 multo
1475 3494 1584 3552 maior
1600 3488 1786 3574 difficultas
1809 3489 1933 3554 euadit.
1978 3487 2026 3558 Hi

415 3615 541 3677 etenim
565 3621 633 3674 tam
650 3604 812 3669 foeminei
834 3626 934 3689 quarn
954 3575 1113 3679 masculi,
1139 3601 1201 3666 ιιιιι
1218 3601 1306 3665 sorte
1321 3599 1533 3672 disciformes
1552 3615 1586 3669 et
1605 3603 1874 3693 capituliformes
1893 3605 2024 3692 aliquot

415 3729 577 3812 excipias,
603 3725 688 3788 adeo
710 3725 833 3786 minuti
854 3718 929 3784 sunt
944 3717 1087 3796 moduli,
1111 3731 1144 3781 ιι
1160 3717 1261 3783 nudis
1279 3716 1388 3782 oculis
1414 3716 1477 3783 sele
1499 3717 1697 3807 spectandos
1719 3718 1909 3788 nullatenus
1932 3741 2025 3809 prae·

414 3843 535 3921 hant,
557 3837 683 3905 nedum
699 3835 859 3925 genitalia
874 3841 915 3900 iis
937 3831 1065 3900 inclusa
1082 3845 1116 3898 et
1131 3830 1361 3921 microlcopio
1386 3830 1485 3900 solari
1508 3846 1638 3928 tantum
1656 3829 1856 3925 expiscanda
1872 3838 2023 3904 discerni

413 3954 549 4045 pollint.
600 3953 791 4039 Apparatus
810 3957 933 4039 igitur,
956 3972 1017 4016 uec
1033 3956 1214 4036 unicuique
1234 3951 1279 4015 ob
1300 3931 1464 4038 praetium
1482 3951 1582 4018 facile
1603 3955 1853 4042 comparandus
1870 3978 1931 4020 nec
1951 3977 2023 4022 cm·

413 4073 516 4138 nibus
534 4064 628 4131 horis
650 4065 860 4132 adhibendus
883 4068 926 4132 ad
942 4049 1048 4154 genus
1067 4068 1252 4131 eruendum
1270 4064 1469 4164 plerumque
1483 4074 1678 4156 requiritun.
1721 4069 1796 4134 Hoc
1814 4083 1922 4136 autem
1933 4071 2023 4138 Hed-

413 4190 581 4274 wigianae
595 4181 776 4261 methodo,
802 4182 948 4248 simodo
970 4206 1032 4271 pro
1058 4182 1204 4252 naturali
1228 4201 1302 4248 eam
1320 4181 1496 4256 habueris.
1526 4184 1621 4249 nullo
1642 4185 1747 4249 modo
1760 4191 1841 4249 virio
1866 4191 1949 4252 verti
1967 4186 2036 4268 do,

412 4306 491 4385 bet3
509 4298 787 4385 quandoquidem
810 4298 1012 4366 methodum
1027 4299 1221 4366 naturalem
1235 4297 1527 4367 obseruationibus
1544 4298 1595 4366 rel
1617 4303 1653 4363 in
1671 4298 1896 4368 minutissimis
1922 4305 2023 4390 parti-

412 4422 476 4487 bns
497 4415 666 4496 institutis,
692 4416 773 4478 ‹lum
801 4415 906 4480 morlo
922 4428 1108 4482 caracteres
1132 4415 1322 4483 constantes
1351 4420 1450 4481 nohis
1477 4419 1676 4504 praebeant,
1710 4414 1779 4481 line
1802 4414 1950 4504 respectu
1976 4409 2022 4486 ιιι

412 4555 622 4623 organorum
646 4527 837 4594 nostrorum
859 4530 1137 4614 imbecillitatem,
1158 4538 1221 4597 niti
1242 4554 1301 4620 par
1321 4531 1375 4598 est.
1416 4533 1495 4599 Non
1517 4537 1563 4599 ita
1587 4534 1629 4599 de
1653 4554 1743 4599 mere
1766 4530 2023 4608 artificialime·

411 4648 530 4717 rhodo.
603 4645 717 4713 Maius
740 4655 850 4710 autem
878 4653 1164 4734 praecipuumque
1191 4647 1294 4714 huius
1317 4647 1468 4715 metholl
1494 4653 1613 4715 vitium
1636 4651 1673 4712 in
1695 4647 1763 4736 ipsa
1792 4631 2074 4728 inconstantia

411 4779 633 4844 caracterem,
649 4787 708 4852 qur
697 4764 765 4830 ιιι
779 4784 903 4851 genera
920 4763 1152 4831 constituenda
1164 4789 1181 4831 e
1195 4761 1291 4833 floris
1309 4766 1450 4834 masculi
1464 4764 1573 4832 lorma
1590 4763 1754 4851 sexusque
1770 4767 1943 4850 rationed«

412 4894 554 4964 currt,ur
576 4885 673 4948 iacet.
733 4877 915 4948 Peristoma
938 4885 1077 4967 quidem
1101 4904 1222 4974 magna
1245 4877 1377 4950 formae
1392 4896 1424 4950 et
1438 4885 1571 4951 numeri
1591 4877 1777 4952 constante
1799 4885 1855 4978 gip

1254 4999 1570 5118 ιι·ι
