5117 5700
503 609 555 700 τε
899 608 1626 676 .·-·--·-···-······

394 776 426 885 γ’,
642 790 680 859 ln
696 793 833 870 muscis,
847 790 904 874 qui
922 783 1259 857 innuitanmmmn
1268 787 1417 875 gaudent
1432 785 1603 877 plentnlne
1617 811 1713 860 mors
1728 790 1865 862 seminis
1879 794 2114 886 explosionem

331 911 490 980 Deserto.
508 914 668 1003 proxime
685 908 851 994 seqnitur,
875 927 953 973 cum
969 925 988 971 a
1004 905 1123 968 natura
1139 906 1235 967 cuiue
1256 923 1442 990 corporum
1457 910 1700 1009 organicorum
1719 909 1960 997 multiplicatio
1974 914 2113 980 ultimus
2235 912 2238 917 '

503 1042 538 1098 et
551 1020 631 1095 ¹sere
649 1031 769 1102 eniens
792 1023 874 1088 sinis
891 1019 955 1086 esse
975 1020 1107 1085 videtur
1127 1021 1174 1082 ita
1196 1015 1388 1084 institutum
1411 1016 1460 1099 stt,
1483 1033 1517 1087 rt
1535 1024 1724 1105 indiuidua,
1751 1050 1837 1110 qnae
1859 1025 1960 1094 semel
1982 1042 2115 1096 tanturn

503 1151 643 1236 pariunt
658 1139 756 1207 simul
771 1153 870 1224 atque
890 1136 950 1202 illa
968 1133 1037 1201 hoc
1053 1153 1194 1198 munere
1219 1132 1379 1200 defuncta
1403 1133 1580 1205 [nutritae
1601 1137 1698 1206 sceui
1715 1139 1886 1207 discedant
1900 1144 2048 1229 aliisque
2061 1167 2117 1212 ea·

506 1262 584 1329 dem
602 1247 670 1326 sata
688 1259 877 1345 experturis
893 1250 988 1318 illam
1009 1249 1213 1334 relinquant.
1275 1249 1332 1316 Sic
1349 1251 1496 1339 plurima
1510 1251 1635 1320 insecta
1656 1261 1786 1345 nuptiis
1799 1263 2030 1345 portubusque
2048 1259 2117 1326 suis

507 1383 567 1446 vix
589 1375 721 1459 aliquot
741 1373 815 1435 dies
840 1365 1001 1456 superesse
1022 1371 1192 1432 nouimus.
1244 1364 1357 1431 Musei
1378 1388 1481 1448 ¹vero,
1504 1386 1654 1454 qnorum
1675 1376 1856 1460 perebius
1877 1380 2009 1439 tantbm
2033 1378 2118 1440 anni
2206 1400 2209 1407 ·

393 1516 399 1541 ·
506 1489 649 1584 spatium
667 1495 754 1553 vitae
775 1483 985 1549 curriculum
998 1481 1206 1557 extenditur,
1231 1503 1377 1565 numeru
1392 1481 1466 1547 sunt
1484 1485 1690 1570 pancissimi3
1723 1490 1806 1571 quin
1824 1501 1857 1551 et
1874 1487 2012 1569 multos,
2030 1509 2118 1573 quos

508 1603 704 1676 vetustiores
726 1603 884 1668 Botanicl
904 1618 1037 1685 annes
1061 1599 1254 1679 credidere,
1291 1618 1458 1687 perennes
1479 1597 1545 1666 esse
1567 1609 1799 1671 recentiorum
1819 1601 2119 1672 obseruationibus

510 1722 626 1790 edocti
647 1717 772 1790 sumus.

648 1955 705 2022 Illi
731 1963 879 2032 tantum,
904 1969 1049 2036 quornm
1084 1960 1225 2027 truncus
1253 1943 1513 2038 simpliciffimne
1545 1948 1601 2017 est.
1621 1965 1657 2019 et
1688 1951 1784 2019 nulli
1814 1952 1862 2020 sni
1894 1966 1988 2043 perte
2019 1958 2124 2020 inno}

417 2063 422 2069 ⁸
511 2081 577 2151 vat,
594 2080 663 2135 tam
683 2073 777 2135 breui
795 2066 954 2132 fruuntur
971 2086 1065 2130 aevo.
1118 2067 1166 2130 At
1189 2065 1403 2146 omnesalii,
1428 2075 1580 2155 exceptis
1598 2067 1823 2155 paucisfimie,
1848 2089 1910 2159 ext,
1933 2089 1988 2156 gr:
2015 2068 2120 2154 Gyen·
2171 2109 2178 2113 -

511 2177 659 2275 nostrum
677 2194 850 2272 'penetrem
884 2200 1030 2265 quornm
1052 2179 1188 2244 duratio
1213 2183 1366 2262 biennis,
1395 2201 1457 2271 per
1476 2181 1725 2277 plureedrnnos
1748 2189 1849 2251 ritem
1872 2186 2066 2273 producunt
2085 2195 2120 2248 et

512 2301 635 2368 iisdem
654 2299 909 2386 tempestatibus
927 2295 1147 2359 redeuntibus
1163 2295 1298 2362 easdem
1314 2280 1592 2366 foecundationis
1607 2305 1714 2378 vices,
1741 2305 1845 2367 ramis
1861 2300 2009 2375 nouellie
2028 2319 2119 2366 nune

497 2412 615 2481 *etism
638 2404 921 2502 parturientibus,
946 2415 1174 2498 experiuntur.
1242 2401 1341 2498 Quos
1364 2423 1479 2489 autem
1495 2412 1624 2481 limites
1652 2435 1771 2479 eorum
1799 2417 1974 2481 durationi
1996 2429 2120 2481 natura

511 2527 666 2598 statuerit
680 2530 832 2596 nundum
846 2525 922 2594 satie
937 2523 1079 2591 constat.
1127 2523 1205 2589 Hoc
1219 2534 1351 2592 tantum
1366 2538 1498 2592 certum
1512 2525 1570 2609 est,
1587 2543 1811 2616 perennantes
1826 2550 1963 2597 muscos
1978 2529 2121 2620 praeser-

482 2705 485 2710 .
514 2649 579 2712 tim
600 2632 728 2733 Hypns
754 2638 898 2710 successu
921 2646 1087 2732 temporis
1113 2639 1263 2731 ligneam
1291 2639 1384 2744 possi
1406 2650 1643 2732 compaginem
1671 2643 1810 2733 adipisci
1838 2659 1873 2710 et
1899 2644 2121 2712 destructioni

473 2801 475 2806 ·
515 2765 575 2831 diu
594 2761 751 2829 resistere.
809 2759 904 2852 Quin
923 2772 957 2824 et
973 2777 1283 2846 magnaramorum
1300 2761 1402 2847 eopia
1417 2757 1631 2845 plurimaque
1653 2759 1958 2840 fructificationum
1975 2768 2122 2835 enutio-
2156 2796 2160 2801 ·

514 2879 746 2968 rumvestigia,
761 2881 897 2965 quaein
914 2880 963 2970 eie
978 2872 1273 2961 deprehendimus,
1291 2873 1495 2962 longaeuum
1511 2895 1629 2939 eornm
1646 2882 1748 2941 vitam
1765 2876 1988 2945 oculatissime
2002 2877 2121 2946 testan-

515 3009 581 3063 tur.
644 2997 717 3083 lmo
740 3008 878 3061 naturae
899 3011 977 3077 erga
998 2989 1080 3060 illos
1106 2989 1344 3060 benevolentia
1366 2993 1527 3057 omnibus
1550 2988 1626 3055 aliis
1645 2987 1718 3056 sere
1739 2989 1900 3080 stirpibus
1918 2994 2120 3083 denegatam

435 3124 441 3136 ‘
515 3108 780 3205 palingenesiam
799 3113 841 3175 iis
866 3102 1036 3177 concessit.

605 3429 615 3436 ι
656 3338 745 3411 Tam
760 3335 869 3409 solida
890 3344 1016 3409 etenim
1033 3339 1236 3431 compagine
1249 3356 1369 3407 eornm
1391 3333 1496 3406 mulir
1513 3349 1548 3405 et
1570 3331 1652 3405 solie
1670 3334 1935 3432 peeenebymnte
1950 3342 2130 3430 eormprt··
2215 3323 2217 3328 ’

517 3459 579 3527 bili
596 3458 666 3527 sere
682 3459 817 3549 prorsus
834 3458 989 3526 destituta
1004 3460 1162 3546 gaudent,
1179 3472 1214 3524 vt
1234 3463 1271 3522 in
1288 3445 1456 3522 herbariie'
1472 3476 1532 3544 per
1551 3454 1653 3542 plura
1668 3452 1797 3521 saecula
1820 3455 1926 3526 illaesi
1947 3455 2069 3524 seruari
2082 3466 2118 3523 et

518 3582 606 3663 equi
624 3581 747 3644 iterum
762 3580 894 3665 irrigati
909 3586 967 3641 aut
981 3573 1052 3639 solo
1067 3572 1212 3639 humido
1228 3570 1422 3639 commissae
1436 3556 1637 3636 reuiuiscere
1653 3570 1796 3658 possint,
1818 3572 1904 3638 illud
1919 3571 2116 3645 testantibus

518 3698 761 3784 experimentis
782 3697 818 3758 in
832 3664 936 3759 hdrto
954 3695 1116 3766 botanico
1131 3688 1321 3758 Oxoniensi
1335 3686 1507 3767 institutis,
1522 3690 1646 3770 quibus
1663 3684 1865 3752 vetustisfimi
1884 3693 1993 3754 musci
2002 3685 2117 3753 siccati
2187 3781 2194 3795 ι

519 3827 565 3873 ex
580 3806 740 3872 herbario
759 3805 948 3875 oxoniensi
961 3806 1157 3893 ‚deprompti
1175 3809 1260 3889 aqui
1277 3804 1347 3869 soli
1363 3810 1399 3867 in
1416 3803 1519 3869 eitam
1538 3806 1689 3878 reuocati
1706 3799 1845 3872 tuerint.
1909 3802 1965 3869 Sic
1981 3801 2117 3869 Necke·

425 3951 439 3960 ·
517 3940 579 3988 rur
596 3940 750 3985 muscum
765 3920 946 4005 quamdam
961 3915 1121 4002 (Mutum
1136 3935 1162 4007 4
1175 3916 1277 4001 Diis.)
1302 3917 1447 3985 sortuito
1460 3924 1554 3984 inter
1568 3918 1699 4004 plantas
1716 3918 1799 3985 aliar
1816 3940 1861 3985 ex
1868 3918 2022 3986 Auernis
2037 3918 2118 3985 alle·

518 4048 571 4104 iss
592 4047 760 4125 repertum
777 4036 903 4119 absque
917 4028 1181 4098 fructificatione
1196 4047 1230 4099 et
1245 4032 1549 4122 semicorruptum,
1574 4055 1651 4100 eum
1673 4040 1709 4098 in
1727 4033 1798 4100 solo
1813 4034 1979 4121 uliginoso
2006 4033 2121 4116 collo-¹
2199 4021 2201 4027 ¹

519 4143 639 4233 cesset,
659 4130 942 4217 surculossnouoe
964 4149 1118 4215 emittere
1132 4153 1204 4214 imo
1220 4147 1321 4215 flores
1339 4151 1510 4216 masculos
1534 4137 1801 4235 capitulisormes
1817 4150 1970 4238 proferre
1988 4148 2117 4215 summi

264 4336 268 4345 ,
395 4290 399 4296 ’
520 4294 597 4339 cum
615 4267 841 4336 oblectatione
854 4267 948 4331 vidit.
999 4256 1091 4330 Idem
1108 4276 1245 4330 naturae
1263 4245 1430 4333 scrutator
1444 4262 1637 4330 Barbulam
1654 4265 1808 4331 ruralem
1833 4264 1925 4345 (B),
1954 4263 2117 4331 urthetri·

520 4386 618 4451 chum
628 4376 794 4467 striatam
819 4372 904 4465 (B),
929 4378 1094 4467 Hypnum
1122 4379 1314 4447 obierinum
1335 4382 1650 4466 aliosquemnscos
1664 4403 1723 4469 per
1738 4386 1913 4446 biennium
1929 4388 1965 4446 in
1989 4379 2118 4473 pyxide

520 4502 701 4570 esseruatos
726 4514 759 4567 et
772 4495 907 4591 prorsus
930 4493 1112 4561 desiccatos
1138 4488 1209 4561 solo
1232 4498 1352 4562 umbri
1377 4509 1411 4563 et
1435 4493 1578 4560 humore
1606 4501 1768 4584 gaudenti
1792 4499 1967 4562 mandauit
1989 4492 2118 4584 etpost

519 4617 686 4683 trimestre
701 4619 841 4706 spntium
858 4618 1049 4715 germipare
1065 4618 1204 4678 miratus
1221 4611 1274 4679 est.
1325 4612 1401 4678 Acti
1419 4602 1538 4678 Theoti.
1556 4607 1963 4700 t’atat.Vot.11.p.444.
2014 4611 2069 4676 Sic
2084 4622 2120 4678 et
2237 4613 2246 4629 ⁶

455 4771 458 4778 ·
520 4730 700 4800 Gleditsius
717 4756 781 4805 nos
799 4737 946 4816 edocuit,
965 4751 1101 4802 muscus
1116 4731 1183 4821 jam
1207 4734 1249 4798 ab
1277 4705 1377 4797 annis
1399 4740 1535 4796 centum
1557 4743 1749 4811 emortuos,
1769 4748 1830 4817 per
1852 4725 1955 4799 horse
1983 4740 2117 4795 tentum

1987 4843 2112 4937 septem
2189 4851 2199 4869 '
