5117 5700
399 840 566 915 maximas
581 812 796 913 'recentiores
811 838 1003 934 Plrysiologi
1022 840 1193 921 tribuunt,
1213 836 1293 904 fleri
1313 835 1450 907 necessa·
1466 839 1522 908 est.
1579 839 1673 910 Haec
1695 836 1839 934 nempe,'
1856 843 1913 910 vbi
1935 841 2000 910 ltu·
2099 872 2102 877 ·

398 982 533 1031 rnorem
561 952 759 1029 mellifluum
774 965 812 1025 in
831 958 924 1026 floria
949 960 1107 1024 nectariis
1132 954 1294 1021 sacratum
1311 965 1410 1042 atque
1430 957 1735 1026 collectum'auiale
1756 972 1892 1049 petunt,
1925 980 1999 1026 nora

314 1116 319 1127 ·
365 1166 367 1171 Ι
401 1079 505 1147 aliter
520 1077 587 1144 huc
608 1088 785 1167 penetrata
804 1072 948 1164 possunt,
973 1093 1073 1158 quam
1087 1090 1195 1162 prope
1216 1069 1374 1138 antheras
1391 1075 1457 1138 iter
1478 1073 1636 1142 faciendo
1658 1088 1691 1143 et
1707 1076 1871 1165 pollinem
1892 1080 1999 1143 exiis

400 1192 540 1260 essusum
555 1192 645 1281 pilis,
665 1195 791 1280 quitus
807 1184 1006 1280 corpuscula
1020 1186 1163 1254 horrent
1183 1187 1391 1276 arripiendo·
1402 1200 1436 1252 et
1454 1188 1654 1272 retinendo,
1682 1215 1751 1278 quo
1771 1194 1908 1258 onerata
1922 1212 2001 1257 euo.

280 1310 286 1319 '
398 1308 472 1376 lant
486 1322 520 1375 et
534 1309 576 1375 ad
593 1307 694 1403 floras
719 1307 913 1372 foemineos
936 1304 1056 1371 eodem
1072 1301 1237 1370 defiderio
1258 1304 1420 1380 adducta,
1443 1309 1487 1372 iis
1511 1311 1811 1396 impraegnationis
1835 1311 2001 1395 principia
2038 1323 2041 1329 ’

397 1425 549 1491 tradunt.
602 1423 691 1493 Cum
707 1443 790 1490 vero
804 1400 979 1507 hucusque
993 1426 1031 1487 itt
1051 1439 1247 1487 muscarum
1262 1417 1404 1487 floribus
1425 1442 1489 1488 nec
1505 1445 1580 1489 vera
1598 1429 1745 1489 nectaria
1763 1395 1863 1505 (narn
1880 1443 2000 1488 eornm

397 1539 600 1633 panephysas
622 1539 678 1606 seu
696 1538 757 1604 iila
781 1536 980 1617 succulenta,
996 1541 1151 1624 quamuis
1168 1532 1399 1608 hocnotnine
1421 1559 1441 1602 a
1462 1546 1601 1628 nuperis
1617 1539 1825 1627 muscologis
1845 1539 2000 1618 donatae,

281 1634 284 1639 ’
400 1678 520 1725 eurum
545 1662 634 1725 vices
657 1655 851 1720 nullatenus
865 1650 1239 1741 gerunt)·deprehensa
1260 1650 1402 1731 suerint,
1428 1661 1687 1743 necquicquam
1709 1655 1921 1722 obseruatum
1949 1652 2001 1733 sit,

401 1774 494 1861 quod
509 1764 586 1839 cum
600 1770 663 1837 illo
680 1770 821 1835 mellino
836 1768 947 1849 succo,
958 1772 1056 1847 euius
1075 1765 1198 1833 insecta
1214 1768 1299 1832 adeo
1310 1765 1474 1847 esuriunt,
1498 1770 1604 1838 alsine
1624 1774 1796 1851 videatur,
1817 1771 1860 1837 de
1877 1770 2003 1836 horum

402 1862 955 1956 animalculoraminmuscorum
972 1887 1264 1991 impraegnatione
1287 1882 1473 1950 ministerio
1494 1891 1569 1951 iura
1591 1888 1736 1954 dubitari
1757 1888 1883 1975 potest,
1907 1906 2007 1977 praa·¹

399 2004 477 2072 serti
522 2003 867 2093 'iirepotatunquam
886 1997 1122 2101 minutulifint
1140 2017 1334 2066 marcorum
1355 1998 1468 2082 flores,
1489 2015 1637 2088 etquant
1660 2023 1765 2092 pauca
1783 2002 2004 2070 insecutam·
2119 2071 2121 2075 ,
2207 2065 2214 2077 ,

375 2198 378 2203 ,
401 2025 582 2305 ρῷςυο
596 2115 747 2204 stirpium
762 2113 951 2179 nostrarum
966 2111 1082 2198 rulg'us
1096 2111 1204 2192 llorat,
1216 2117 1252 2177 in
1268 2111 1486 2200 conspectum
1500 2123 1644 2184 veniant.
1694 2115 1776 2182 No'n
1791 2118 1882 2180 aliud
1899 2121 2023 2202 igitur&

402 2240 435 2303 r'
463 2236 683 2323 generatricis
699 2227 902 2306 vehiculum,
918 2232 1194 2312 quamaerem‚in
1211 2245 1406 2293 muscorum
1422 2234 1711 2318 impraegnatione
1719 2231 1896 2311 admittere
1909 2230 2002 2313 licat,
2021 2300 2034 2327 .

408 2352 520 2420 donec
536 2340 831 2420 obseruationibus
844 2347 910 2412 rite
924 2340 1083 2415 institutis
1097 2341 1161 2415 alia
1178 2342 1292 2445 edocti
1308 2343 1480 2437 fuerimus.
1552 2370 1555 2377 ·

540 2570 877 2666 Cum'aquaticarum
895 2582 1084 2671 plantarum
1103 2581 1261 2669 genitalia
1283 2602 1423 2649 munera
1452 2578 1510 2647 suo
1533 2581 1594 2650 sub
1612 2585 1698 2670 aqui
1714 2583 1810 2671 sangi
1838 2602 1908 2649 non
1933 2576 2006 2671 pos·
2065 2642 2069 2664 ι,

403 2696 488 2781 fini,
513 2717 614 2783 quam
630 2697 718 2760 miri
733 2694 898 2759 industria
922 2684 1146 2780 sapientisque
1169 2696 1494 2773 summusomnium
1517 2717 1631 2762 rerum
1654 2700 1772 2786 opifex
1791 2698 1923 2764 harum*
1935 2696 2007 2764 stir-

405 2817 503 2904 pium
519 2808 770 2880 conseruationi
785 2806 1003 2888 consuluerit,
1016 2812 1175 2874 omnibus
1191 2821 1331 2873 naturae
1345 2808 1585 2878 scrutatoribus
1600 2811 1677 2878 satis
1695 2825 1814 2879 notum
1830 2811 1887 2877 est.
1938 2810 2008 2877 Sci·
2027 2806 2034 2813 ”

285 2941 317 2960 “·
404 2939 482 2995 nius
501 2932 625 2994 atenim
649 2947 766 2993 eanum
782 2925 959 3017 plorasque
979 2945 1037 2991 ex:
1058 2937 1115 3013 grt
1138 2920 1354 3009 Nytnpineas
1369 2946 1506 3006 onnes,
1529 2925 1772 2994 Ranunttesam
1793 2922 2006 3014 hetrrupsryl·

408 3041 499 3125 lum,
531 3040 838 3128 Potnmogrtonum
865 3021 1110 3108 familiam'ato
1132 3046 1219 3107 aeris
1245 3060 1362 3106 eorum
1385 3041 1537 3109 utriculis
1558 3051 1709 3111 contenti
1732 3015 1935 3109 dilatatione
1952 3039 2006 3109 val

407 3162 644 3240 contractione
666 3179 757 3224 nunc
779 3160 863 3242 aqui
882 3154 1039 3245 specifice
1059 3149 1231 3242 grauiores
1251 3167 1347 3222 trono
1371 3158 1515 3224 leviores
1537 3158 1619 3225 steri.
1664 3156 1668 3169 '
1695 3159 1786 3227 Hinc
1810 3156 2006 3248 tempestato

407 3276 541 3355 sereni,
564 3293 640 3340 aere
655 3270 734 3339 solis
754 3273 860 3340 radiis
881 3271 1065 3339 calescente
1077 3284 1110 3339 at
1125 3279 1255 3339 rariore
1274 3273 1376 3355 sacto,
1400 3295 1510 3361 aquae
1521 3274 1690 3365 superiora
1704 3265 1823 3365 petunt
1839 3274 2009 3360 floresque
2062 3261 2064 3270 ’
2145 3335 2150 3340 ,

407 3389 666 3458 foecundandos
682 3387 863 3473 explicant.
914 3388 993 3450 Sola
1008 3407 1089 3453 vero
1097 3389 1283 3460 occidente,
1301 3402 1356 3452 aut
1375 3391 1512 3451 turbidi
1526 3390 1693 3474 frigidius
1710 3388 2008 3475 tempestataexor·

407 3510 467 3588 tt,‚
486 3504 584 3570 illico
599 3500 739 3567 floribus
763 3497 905 3564 occlusis
930 3502 968 3561 in
989 3502 1078 3582 aqua
1097 3499 1349 3588 demerguntur.
1400 3498 1494 3590 Quin
1518 3500 1777 3567 atVasisraeriae
1791 3501 1940 3592 plantae,
1969 3513 2007 3570 rt

407 3633 547 3703 notum,
574 3620 706 3684 dioicae
722 3614 870 3681 mascula
884 3613 981 3701 stirps
1003 3611 1126 3699 spicam
1147 3616 1326 3682 florentem
1343 3612 1401 3680 sub
1414 3619 1512 3701 *aqua
1535 3616 1705 3705 explicatt
1734 3611 1818 3684 mox
1831 3638 1911 3685 vero
1927 3615 2007 3687 flos·

407 3738 476 3806 culi
490 3759 509 3805 a
523 3736 638 3826 plantas
651 3744 787 3825 parente
804 3729 982 3811 secedunt,
1009 3742 1126 3822 natant
1138 3768 1163 3813 ,-
1174 3738 1387 3821 aperiuntur,
1420 3743 1454 3796 et
1469 3751 1528 3820 per
1541 3752 1647 3817 aquae
1661 3730 1871 3821 superficient
1887 3711 2008 3823 ragan}

409 3865 461 3921 tes
476 3851 665 3917 foemineos
682 3848 794 3928 flores,
815 3852 885 3934 qui,
911 3868 989 3911 cum
1007 3844 1094 3935 scapi
1110 3845 1275 3936 spiraliter
1288 3851 1437 3913 contorti
1456 3845 1571 3913 calore
1590 3848 1738 3917 relaxata
1757 3848 1803 3915 eit
1819 3848 1924 3939 spira,¹
1952 3868 2008 3940 pe·

378 3954 381 3960 ’
408 3977 487 4031 tunt
501 3986 605 4050 aquae
618 3965 843 4053 superficiem,
869 3962 994 4028 adeunt
1007 3975 1107 4050 atquc
1122 3949 1338 4052 succendant.
1377 4013 1380 4024 .
1400 3960 1533 4032 Muscis
1549 3976 1660 4030 autern
1675 3969 1841 4053 aquaticis
1859 3965 1950 4031 idam
1966 3985 2007 4032 ac

410 4076 617 4171 Nymphaeis
641 4099 715 4144 mos
738 4077 794 4143 est.
869 4076 923 4141 Sic
944 4076 1139 4144 Fontinalir
1162 4079 1411 4166 antipyreticae
1433 4078 1554 4145 ramuli
1579 4079 1708 4161 floridi,
1740 4085 1854 4149 vernis
1883 4083 2004 4172 (liebus¹

411 4214 554 4264 amoena
576 4192 781 4275 colentibus,
816 4192 858 4258 ad
874 4191 1043 4281 superiora
1067 4173 1223 4261 feruntur
1237 4199 1304 4276 ita,
1332 4209 1366 4263 rt
1387 4193 1487 4263 flores
1507 4194 1650 4261 masculi
1673 4207 1706 4259 et
1726 4193 1887 4261 foeminei
1909 4194 2007 4283 supra
2032 4173 2034 4178 ⁵

411 4333 516 4400 aquas
534 4306 744 4397 superficiem
759 4289 932 4374 emineant
958 4293 1183 4400 amplexuque
1203 4287 1375 4400 coniugali
1391 4311 1570 4401 gaudeant.
1630 4306 1681 4375 At
1700 4308 1786 4376 illud
1797 4331 1873 4376 non
1890 4306 1949 4374 nifi
1966 4311 2005 4371 in
2129 4301 2136 4316 '

412 4411 508 4515 aquis
524 4428 648 4513 quietis
663 4436 721 4489 aut
737 4443 918 4508 numquam
934 4424 1076 4492 multum
1092 4430 1224 4514 agitatis
1239 4425 1356 4493 locum
1373 4429 1527 4493 obtinere
1549 4420 1666 4513 potest.
1734 4425 1825 4492 Hinc
1841 4425 1948 4489 musci
1965 4426 2004 4486 in

411 4530 615 4617 fluminibus
636 4541 763 4628 rapidis
778 4536 1019 4629 procellosisua
1041 4541 1182 4630 lacubus
1206 4541 1387 4614 tlucuntas
1408 4554 1443 4613 tt
1464 4537 1663 4612 fontinella
1684 4541 1817 4623 mittor,
1838 4537 2015 4628 Hypatam

304 4671 315 4684 ’
403 4654 578 4760 fluctu-atr,
601 4654 765 4736 rarissime
780 4676 858 4738 cunt
872 4651 1015 4746 capsulis
1029 4643 1266 4756 inueoipattura

471 5011 605 5085 Tuus.
839 5047 847 5056 ·
1078 5019 1087 5026 '
1294 4991 1328 5078 Ι

1184 5093 1209 5144 l·
