5117 5700
897 617 1526 705 ---·.··.···'·······
1964 596 2043 729 aa

418 839 456 907 in
476 835 621 906 caulinis
635 856 708 904 non
728 825 1012 925 deprehenditur3
1036 830 1207 893 contram
1224 819 1351 913 Hypera
1366 816 1545 912 arbuscula
1564 817 1621 904 (H
1633 812 1915 916 alopecuroialee)
1925 834 2016 901 ιιιιεῖ
2108 848 2111 867 ·

416 961 497 1044 gine
512 961 728 1042 integerrima
752 957 987 1041 reperiuntur,
1019 966 1098 1009 cnm
1119 940 1250 1011 caulina
1266 940 1326 1007 sub
1343 947 1473 1030 apicem
1493 955 1611 1030 argute
1630 943 1754 1013 serrata
1775 945 1851 1013 lint.
1899 941 2016 1014 Necte

416 1089 460 1136 ra
481 1062 616 1158 filicina
641 1090 679 1136 ea
695 1067 888 1191 longissime
912 1060 1061 1131 subulata
1078 1058 1192 1126 habet.
1241 1057 1280 1122 lu
1303 1057 1486 1145 Hrdwigia
1508 1058 1630 1125 ciliani
1655 1061 1862 1150 processibus
1886 1062 2015 1129 oiliari·'
2059 1056 2062 1063 '

416 1188 482 1253 bus
497 1183 630 1272 longis
652 1191 837 1274 argenteis,
842 1172 1077 1265 'luctantibus
1098 1175 1159 1281 sub
1181 1181 1326 1263 apicem
1330 1179 1525 1262 cinguntur.
1575 1174 1616 1243 ln
1636 1176 1811 1245 Grimmitl
1840 1174 2013 1266 apccnrps
2063 1172 2070 1187 '

417 1299 469 1385 (B
478 1297 526 1381 ),
442 1291 688 1366 BBarbulii
708 1297 873 1391 agrarii,
900 1293 1186 1384 Hypncriparsc,
1212 1282 1358 1358 Nerkerri
1377 1291 1555 1375 dendroidt
1578 1293 1649 1377 (H)
1672 1291 2015 1385 exsasciculatasunt,

353 1416 359 1425 ’
416 1429 537 1482 contra
560 1414 772 1482 caullnorum
789 1427 970 1480 tenorem
1006 1407 1107 1501 Quin
1124 1420 1158 1473 et
1173 1407 1302 1474 fibrmet
1314 1405 1389 1495 rpfis
1407 1406 1503 1496 saepe
1520 1407 1595 1475 sunt
1610 1409 1790 1480 dissimilia
1840 1410 1881 1477 In
1900 1397 2017 1483 Necle-
2073 1438 2077 1443 ·
2191 1410 2197 1415 “

286 1591 288 1597 ,
417 1530 472 1613 ri,
487 1522 624 1621 distichi
641 1544 675 1596 et
691 1529 861 1596 nerduini
876 1533 1047 1595 exteriora
1061 1524 1185 1591 infima
1202 1526 1245 1592 ab
1260 1520 1483 1591 interioribus
1505 1524 1666 1614 supremis
1681 1531 1768 1597 adeo
1781 1524 1911 1597 diuusa
1928 1524 2017 1613 sunt,

417 1649 551 1717 rtincle
566 1645 656 1733 quali
672 1646 801 1736 duplex
814 1643 1059 1738 perichaetium
1082 1647 1221 1708 oriatur.
1280 1640 1376 1706 llaec
1400 1646 1524 1706 etenim
1548 1643 1757 1734 longissima,
1784 1646 1944 1722 linearia,
1969 1646 2017 1709 ci·

417 1763 547 1831 liorum
565 1762 669 1829 instar
684 1764 850 1854 capsulam
864 1769 1007 1852 cingunt
1027 1775 1061 1827 et
1073 1759 1244 1849 superant;
1264 1757 1323 1824 illa
1338 1768 1419 1824 vero
1435 1757 1543 1824 multo
1554 1763 1728 1843 breuiora,
1753 1760 2017 1830 ovato-lanceo-

351 1910 357 1917 ·
418 1879 507 1959 lata,
530 1882 708 1947 imbricata
733 1881 983 1949 acenlinornm
999 1878 1111 1966 figuti
1134 1898 1204 1942 non
1224 1874 1373 1940 multum·
1389 1876 1564 1945 recedunt.
1613 1879 1650 1945 ln
1675 1880 1825 1947 niceana
1836 1872 2017 1969 flagellari

421 1987 594 2045 exteriora
616 1981 686 2045 duo
712 1986 874 2047 breuiora
892 1981 1056 2056 ductuum
1080 1975 1241 2069 fasciculo
1271 1972 1521 2058 destituuntnr3
1563 1979 1633 2046 duo
1661 1983 1769 2047 media
1782 1981 1950 2073 longiora
1972 1995 2016 2045 en

421 2094 588 2182 gaudent,
623 2098 781 2159 intimum
804 2099 927 2159 iterum
951 2098 1087 2159 breuius
1105 2112 1213 2157 neruo
1234 2088 1425 2157 tenuissimo
1448 2089 1647 2160 instructum
1672 2094 1727 2160 est.
1778 2088 2018 2176 Necteraehy.

419 2207 563 2297 precidit
581 2192 719 2276 tandem
734 2205 990 2300 perichaetialia
1010 2219 1152 2275 externa
1174 2224 1283 2283 neruo
1301 2203 1435 2272 lurcato
1455 2207 1583 2276 donata
1607 2206 1700 2292 sunt,
1744 2222 1779 2278 at
1795 2215 1926 2290 intima,
1940 2204 2023 2273 sunt

373 2372 391 2380 --
422 2344 573 2393 eneruaa.

525 2556 581 2625 De
601 2579 746 2625 numero
761 2558 1050 2648 perichaetialinm
1073 2557 1251 2641 foliorum,
1271 2559 1362 2626 nihil
1379 2568 1462 2630 certi
1484 2558 1582 2629 statui
1601 2561 1726 2652 potest3
1749 2559 1960 2650 summopere
1974 2569 2020 2627 et·

426 2678 519 2742 enlm
537 2674 692 2740 diuersus
712 2674 976 2761 estprodluerlie
989 2675 1162 2761 speciebus
1177 2699 1217 2741 ao
1231 2684 1421 2762 generibus.
1452 2677 1555 2767 'Quae
1571 2684 1608 2744 in
1623 2675 1768 2747 r'csulam
1784 2676 2019 2766 disponuntur,

428 2812 611 2866 numerum
639 2789 804 2857 senarium
825 2812 904 2858 raro
919 2792 1099 2856 excedunt.
1150 2789 1200 2856 At
1218 2811 1337 2856 eorum
1361 2813 1446 2876 quae
1463 2797 1667 2861 imbricatim
1687 2792 1838 2881 disposita
1860 2774 1953 2872 sunt,
1963 2803 2021 2858 aut

416 2901 419 2906 ’
426 2928 598 2996 gemmam
615 2908 829 2974 aemulantur
842 2913 941 2996 copia
961 2905 1164 2995 plerumque
1181 2905 1289 2970 multo
1305 2913 1423 2973 maior.
1473 2906 1510 2972 ln
1527 2906 1675 2997 Hypnia,
1696 2905 1915 2996 Neclerisqut
1936 2926 2023 2976 non·

426 3022 547 3108 nuliis,
559 3044 664 3109 vsqua
678 3025 721 3088 ad
742 3011 879 3111 triginta
897 3021 1084 3090 numerasti.
1114 3020 1373 3110 obseruandum
1388 3025 1538 3105 tandem,
1552 3024 1635 3092 folia
1648 3022 1909 3113 perichaetialia,
1930 3042 2026 3114 prae·

354 3199 357 3204 .
426 3137 540 3214 sertim
556 3144 595 3224 in
610 3139 815 3229 Hypnoraam
828 3145 977 3229 genere,
986 3139 1116 3229 aliquid
1136 3138 1263 3208 habere
1277 3139 1416 3209 searrosr
1432 3142 1525 3230 quod
1540 3140 1685 3211 carlinis
1698 3138 1837 3234 prorsam
1858 3119 1959 3210 deest.
1977 3201 1980 3208 .
2008 3203 2013 3212 .
2032 3137 2036 3145 ’

530 3374 642 3441 Floris
660 3373 823 3440 foeminei
836 3376 961 3442 corolla
978 3382 1047 3442 iam
1062 3377 1124 3442 diu
1143 3374 1319 3444 Botanicia
1343 3375 1401 3442 sub
1424 3381 1566 3444 nomino
1579 3374 1755 3464 calyptrae
1773 3377 1935 3441 innotuit.
1984 3371 2022 3440 ll
2040 3370 2194 3432 Contu·

428 3490 489 3559 lud
507 3490 553 3557 est
570 3511 692 3580 nempe
708 3488 860 3578 capsulae
876 3505 1118 3578 tegumentum,
1136 3500 1256 3558 mitrae
1277 3492 1328 3560 vel
1346 3493 1469 3558 cuculli
1494 3492 1641 3561 sormam
1665 3492 1827 3565 reserens,
1850 3489 1943 3575 quod
1959 3492 2031 3556 eiua
2087 3573 2092 3581 ι

431 3614 522 3698 apici
544 3606 683 3686 inlidet,
720 3630 797 3673 eurn
824 3607 933 3674 adhuc
955 3620 1105 3672 teneram
1129 3611 1171 3673 ab
1202 3615 1383 3695 ingruente
1414 3609 1530 3674 calore
1555 3612 1708 3674 noxioue
1728 3606 1874 3672 humore
1894 3615 2032 3685 tutatur,

370 3703 375 3710 ⁵
432 3739 466 3792 et
483 3726 684 3816 plerumque
699 3728 742 3790 ab
760 3729 799 3789 ei
816 3746 888 3790 non
905 3736 982 3789 ante
999 3721 1130 3801 secedit,
1150 3747 1252 3808 quam
1276 3724 1646 3794 sructusmaturitatern
1660 3725 1805 3811 adeptus
1822 3722 1941 3787 suerit.
1991 3719 2033 3790 ll·
2143 3729 2146 3734 ’

378 3829 381 3833 ’
433 3840 503 3907 lam
519 3847 555 3905 in
571 3842 655 3908 llore
672 3842 845 3907 soemineo
864 3848 934 3908 iam
956 3838 1015 3906 sub
1031 3845 1334 3928 impraegnationis
1353 3853 1487 3930 ternpus
1506 3838 1712 3929 praesentem
1735 3837 1809 3919 elle,
1822 3835 2034 3912 obseruatio·
2102 3905 2107 3912 ,

436 3958 538 4019 nibus
556 3956 704 4039 constat;
730 3957 783 4022 sed
800 3965 873 4024 eius
890 3962 1064 4022 connexio
1079 3980 1154 4022 cum
1173 3959 1315 4046 genitali
1336 3956 1528 4036 foemineo,
1550 3962 1711 4026 nimirum
1738 3963 1833 4045 apice
1846 3977 1930 4028 ¹curn
1947 3951 2033 4046 stylo

397 4111 414 4124 -κ
435 4066 564 4161 pistilli,
592 4084 627 4134 et
642 4070 802 4136 basi-cum
827 4080 900 4139 eius
917 4073 1070 4162 vaginula
1087 4087 1169 4139 tunc
1192 4079 1358 4162 temporis
1373 4076 1458 4140 adeo
1475 4053 1662 4153 arecia-est,
1688 4089 1721 4140 vt
1742 4077 1784 4139 ab
1803 4095 1844 4138 eo
1864 4070 1917 4138 vel
1930 4074 2034 4135 nitro·

437 4207 515 4253 rum
531 4190 678 4252 maxime
691 4196 886 4275 angentium
903 4212 979 4279 cpe
995 4197 1051 4257 vix
1068 4188 1227 4279 distingui
1240 4189 1347 4283 polilt.
1399 4190 1481 4256 Eam
1499 4188 1849 4277 igiturdescribemus
1866 4207 1935 4251 nnn
1951 4188 2039 4249 etin·
2140 4242 2144 4250 ,
2192 4227 2200 4236 -

437 4301 508 4371 hoc
530 4306 706 4392 primitiuo
731 4301 815 4371 statu
837 4305 1133 4397 inuestigatoribus
1156 4315 1244 4373 vitro
1266 4311 1404 4383 armatis
1428 4306 1492 4372 sese
1513 4329 1615 4393 aegre
1631 4304 1794 4386 ostendit,
1827 4304 1880 4369 sed
1901 4273 2035 4384 qualem

437 4417 572 4510 capsula
596 4419 875 4490 maturescente
864 4424 1031 4492 analium
1056 4423 1232 4508 eleuatam,
1254 4426 1347 4493 oculi
1374 4423 1427 4493 vel
1460 4422 1658 4540 hebetisslmi
1682 4420 1933 4514 deprehendere
1961 4407 2036 4507 pol·

438 4536 526 4606 sant.

510 4782 514 4863 J
543 4765 677 4838 Omnes
697 4790 835 4840 muscos
857 4772 1011 4864 calyptri
1023 4774 1194 4862 praeditos
1210 4719 1284 4853 elle,
1299 4773 1428 4839 nullum
1441 4770 1548 4836 hodia
1570 4768 1709 4833 dubium
1728 4763 1792 4838 est.
1841 4764 1955 4835 Antea
1971 4718 2055 4832 arn-¹

442 4880 632 4971 bigebatur.
645 4886 746 4959 l’ater
763 4895 889 4961 etenim
908 4890 1077 4974 scientiae,
1092 4890 1265 4960 Dilleniue
1280 4895 1346 4956 toti
1361 4888 1419 4955 suo
1437 4879 1678 4977 Splagnorum
1690 4892 1817 4976 generi,
1834 4885 1927 4974 quoii
1939 4882 2041 4949 etia'm
2165 4914 2187 4986 Q

1257 5006 1294 5076 ῃ
1319 5021 1342 5077 2
1913 4995 2043 5068 Plasta
