5117 5700
462 684 464 689 f
543 646 617 737 ⁷2a
728 656 732 667 .
1054 625 1679 668 Μ

365 893 368 903 ,
539 803 645 899 brulis
660 819 791 914 aquola
804 826 906 892 vitam
923 821 1052 912 degunt
1065 826 1107 892 ab
1124 822 1213 891 aeltu
1230 821 1368 904 dolensi,
1383 798 1493 892 soboli
1508 817 1747 913 propagandae
1759 805 1825 885 lare
1838 812 1918 909 ipsit
1932 821 2150 911 oppurtunie·

308 970 312 977 ·
354 934 361 943 ’
413 973 419 985 =
522 936 622 1012 ¹sitam
639 940 832 1031 tempestate
846 944 1067 1020 incumbunt3
1092 938 1183 1031 syrio
1198 936 1311 1012 autem
1326 939 1462 1007 furente
1484 939 1616 1033 aliquot
1628 947 1760 1005 tantum
1781 933 1906 1024 speciae
1922 933 2151 1027 alpiniepelu·

540 1060 641 1127 dibus
655 1057 790 1135 liorent,
810 1061 848 1121 iu
865 1052 1005 1145 pia'nitie
1021 1077 1104 1124 aero
1118 1060 1177 1124 aix
1189 1056 1267 1123 vlla.
1290 1096 1298 1109 -
1317 1055 1472 1123 Barbula
1491 1051 1714 1143 vuguicaasatu
1736 1045 1808 1140 (Β)
1827 1065 1941 1119 tamen
1956 1065 1990 1119 et
2004 1051 2153 1139 Polycri-

365 1168 368 1173 ’
487 1190 490 1196 ·
540 1173 599 1241 clau
615 1171 822 1240 undulatam
837 1170 893 1255 (B)
909 1166 968 1269 ¹hia
983 1171 1128 1269 seruitiis
1150 1176 1234 1239 anni
1258 1171 1542 1239 meufibueetiam
1560 1168 1682 1236 liorem
1697 1169 1853 1235 educant.
1910 1185 1947 1257 4
1970 1166 2152 1235 Autumno

317 1361 322 1369 ,
471 1310 506 1363 ,’
540 1287 679 1365 tandem
698 1270 873 1356 humidam
888 1285 1153 1373 nebulosumque
1170 1286 1398 1378 tempestatem
1414 1288 1619 1367 reducente,
1646 1276 1755 1350 mutui
1771 1275 2153 1373 quoeaestue'grauaue·

361 1443 369 1454 ·
419 1396 425 1413 ⁸
544 1418 599 1473 rat
617 1403 856 1471 refocillentur
870 1415 904 1469 et
926 1407 964 1468 in
988 1404 1249 1493 viridariorum,
1275 1424 1477 1483 nemorum,
1510 1398 1687 1493 syluarum,
1705 1399 1880 1480 vmbrofit,
1905 1406 2034 1467 viarum
2053 1421 2152 1470 caua·
2202 1386 2205 1391 ¹

424 1554 429 1584 ι
492 1514 497 1519 ’
543 1540 623 1589 aum
637 1523 849 1608 marginibua
865 1519 939 1609 adia
953 1530 1018 1589 etc.
1042 1524 1166 1585 iterum
1189 1525 1305 1608 uigent
1325 1532 1395 1584 ete
1411 1516 1589 1584 succorum
1613 1518 1730 1613 denuo
1751 1494 1961 1583 asiluentium
1985 1538 2074 1606 penu
2096 1516 2157 1582 flo-

541 1656 598 1705 rea
614 1634 772 1703 nouellos
788 1640 825 1700 in
842 1632 1009 1722 sequentis
1028 1641 1110 1703 anni
1126 1634 1216 1724 spem
1240 1646 1426 1725 promunt·
1445 1633 1538 1700 'Nec
1551 1631 1674 1725 hyeme
1688 1630 1773 1724 ipsa,
1798 1631 1947 1701 simodo
1963 1655 2036 1700 non
2050 1637 2153 1699 nimis

443 1837 445 1843 Ι
471 1752 473 1757 ’
541 1755 662 1822 acerba
684 1750 733 1833 sit,
755 1764 788 1817 et
806 1751 980 1818 interdum
1003 1750 1274 1819 occidentalibue
1297 1754 1405 1820 tentia
1428 1761 1589 1840 tepescat,
1611 1769 1730 1816 eorum
1750 1746 1996 1815 florescentiatn
2017 1745 2154 1838 prorsua

544 1866 692 1937 mutuet
743 1865 939 1941 Nonnullae
956 1863 1079 1957 species
1092 1879 1215 1947 autem,
1240 1887 1301 1933 ex:
1293 1886 1374 1954 gr:
1402 1856 1927 1959 Οιιιιοινιιιιιιιιιβιίιιιιιιιιῌι)
1923 1885 2031 1952 ,aere
2047 1875 2081 1929 et
2096 1882 2155 1930 au·

543 1995 666 2055 tumne
687 1981 975 2072 perindeflorent.
1024 1980 1299 2070 Aliaetanderp,
1312 1972 1901 2071 ·thyaatneflumataiatraaaacuiattam
1920 1977 2001 2062 (Β),
2025 1976 2157 2046 Bardu-

545 2098 580 2168 ia
602 2096 782 2185 cotaeleto
806 2092 917 2165 soboli
935 2098 1170 2188 procreandae
1190 2096 1330 2186 singulis
1359 2096 1431 2164 sere
1455 2101 1537 2163 anni
1571 2094 1742 2162 meulibua
1764 2098 1963 2161 incumbere
1986 2095 2157 2176 videntur,
2194 2081 2197 2085 ’

505 2240 511 2255 ’
544 2234 624 2282 aum
650 2211 801 2303 capsulae
821 2217 858 2283 in
890 2217 992 2281 variia
1023 2218 1229 2282 maturitatis
1262 2213 1425 2301 gredibua
1454 2218 1552 2279 omni
1582 2212 1655 2277 sera
1686 2223 1842 2300 tempore
1870 2213 1971 2278 nobie
1997 2208 2154 2278 offerant.

536 2320 601 2397 'sie
613 2328 755 2408 Phaeca,
780 2338 922 2392 notante
939 2325 1146 2406 Schrebeao,
1172 2326 1290 2394 faselo
1305 2348 1425 2394 eurum
1444 2332 1631 2415 prouentui
1652 2325 1789 2393 fauente
1806 2339 1957 2408 utantur,
1983 2331 2079 2394 omni
2099 2346 2157 2393 an·

545 2449 583 2519 ui
605 2455 761 2532 tempore
782 2439 952 2528 plautulut
972 2446 1126 2516 iuniorea
1149 2439 1397 2521 adolescentes,
1430 2440 1648 2526 adultasque,
1681 2446 1755 2508 imo
1777 2445 1815 2508 iu
1836 2445 1954 2509 eodem
1973 2443 2156 2510 indiuiduo

415 2626 427 2637 ,
546 2555 698 2626 diuersae
712 2560 829 2623 aetatis
852 2551 1001 2642 capsulae
1020 2552 1224 2623 ostendunt..
1264 2555 1444 2622 Caeterum
1462 2569 1710 2625 muscummvt
1727 2571 1761 2624 et
1778 2559 1919 2627 alianum
1935 2557 2086 2648 stirpium
2100 2578 2158 2629 an·

514 2694 521 2712 v·
546 2670 669 2754 thesin,
686 2677 724 2737 in
743 2668 884 2738 diuerfia
901 2673 1101 2757 regionibus
1117 2652 1271 2744 eamdem
1287 2659 1360 2737 nun
1375 2670 1440 2736 esse
1462 2686 1496 2738 et
1517 2693 1580 2759 pro
1601 2673 1728 2741 diuersa
1750 2696 1869 2743 eorum
1881 2681 2044 2766 temperie
2058 2680 2157 2742 citius

470 2804 473 2811 '
545 2787 695 2864 setiusue
706 2786 884 2884 succedere
891 2785 1214 2876 facileiutclligitur.
1264 2786 1320 2854 Sic
1335 2791 1373 2854 iu
1381 2787 1565 2855 Germania
1579 2793 1639 2892 ubi
1652 2789 1853 2879 plerumque
1875 2789 2159 2887 hyeme'tcaisest

407 2899 411 2908 '
547 2918 581 2975 et
609 2927 668 2974 ver
683 2902 804 2984 serum,
825 2921 963 2969 muacoe
986 2903 1119 2971 tardius
1147 2924 1247 2987 quam
1271 2910 1309 2969 in
1342 2903 1454 2972 Gallia
1475 2916 1533 2970 aut
1556 2902 1687 2994 Anglii
1710 2907 1838 2973 llorere
1860 2909 2080 2979 certisfimum
2100 2908 2158 2976 eit.

436 3041 442 3053 ·
548 3018 644 3114 Quin
668 3032 703 3088 et
726 3025 764 3084 iu
783 3017 900 3092 eidem
918 3024 1061 3104 pugione
1086 3038 1205 3094 eorum
1233 3017 1472 3092 slorescaniiae
1492 3035 1625 3111 tempus
1645 3020 1858 3118 lingularum
1882 3022 2052 3094 annorum
2078 3047 2160 3114 pro·

547 3139 623 3228 prii
637 3136 801 3221 temperie
815 3131 951 3220 pendet.
1004 3126 1132 3212 Hinc
1121 3155 1158 3198 ιιι
1176 3139 1280 3203 variis
1302 3140 1505 3204 auctoribus
1516 3157 1710 3202 mutuorum
1730 3136 1861 3204 fructus
1878 3138 2155 3227 maturescentiae

548 3251 662 3340 licque
678 3252 797 3315 ιοιιιιιι
813 3243 1001 3328 antheieos,
1017 3254 1142 3337 quippe
1158 3271 1264 3339 quaa
1256 3251 1377 3330 eodem
1393 3252 1465 3334 sere
1480 3263 1633 3406 tampnpe
1646 3250 1761 3328 locum
1769 3241 1912 3402 ιιιιιιι.
1914 3257 2007 3329 aeria
2026 3255 2158 3328 etalio
2166 3235 2168 3242 ⁵

549 3372 635 3459 quin
650 3370 709 3442 vix
730 3365 932 3462 explicanda
952 3366 1133 3452 indicatio

542 3787 544 3791 »
678 3735 766 3804 Cum
779 3732 968 3826 paucissimi
984 3731 1379 3825 muscibermaphroditi
1396 3735 1472 3821 lint,
1494 3737 1716 3829 inpleriaque
1732 3719 1851 3808 contra
1870 3756 1942 3809 mat
1957 3739 2159 3808 etioemint
2224 3779 2231 3792 ·

401 3799 539 3946 pogen,
555 3851 711 3920 discretis
727 3848 872 3931 sedibus,
885 3869 980 3913 nunu
1000 3854 1048 3914 in·
1054 3850 1187 3929 eodem,
1201 3871 1296 3917 nunu
1316 3859 1353 3937 iu
1372 3853 1506 3924 diuerso
1516 3837 1703 3924 indiuiduo
1721 3841 1855 3938 uiuant,
1877 3877 1947 3946 quo
1967 3868 2068 3947 pacto
2089 3856 2161 3926 ioe-

421 4002 525 4047 nmo
553 3968 714 4036 cundatio
730 3960 809 4039 fiat,
844 3983 968 4051 nempe
981 3966 1047 4048 qui
1066 3964 1165 4030 causi
1188 3967 1358 4034 mediante
1381 3971 1493 4039 oleosa
1516 3972 1736 4041 anthararum
1749 3973 1891 4064 polliuia
1913 3980 2061 4055 materia,
2075 3994 2160 4063 quae

551 4083 622 4153 sola
637 4087 669 4149 vi
685 4082 895 4171 generatrice
910 4065 1062 4172 praedita
1085 4078 1150 4147 asse
1172 4082 1315 4165 videtur,
1340 4088 1384 4153 ad
1399 4087 1569 4158 foeminea
1581 4092 1743 4180 genitalia
1763 4075 1952 4174 deseratur,
1978 4092 2159 4177 sortequia

536 4204 695 4291 rogabit.
745 4194 814 4261 Vbi
836 4191 1123 4282 utrimquesecus
1145 4200 1306 4283 genitalia
1327 4208 1365 4269 in
1386 4206 1506 4276 el'dem
1528 4202 1629 4295 stirpe
1647 4212 1806 4296 proxime
1826 4214 1935 4277 vicina
1952 4207 2047 4292 sunt,
2067 4221 2102 4276 ιι
2120 4214 2160 4275 in

412 4402 427 4430 ο
500 4333 508 4344 “
548 4311 727 4387 Grimaniti
748 4310 920 4401 apocarpt
956 4308 1030 4397 (li),
1065 4309 1136 4380 iola
1157 4310 1377 4383 antherarum
1406 4319 1620 4408 disruptione
1638 4321 1849 4413 pollinieque
1869 4329 1908 4390 iu
1924 4305 2049 4392 vicinia
2068 4321 2163 4391 emis
2224 4351 2227 4358 ·

545 4433 645 4507 ¹lione
662 4435 778 4502 locum
797 4431 955 4496 obtinere
976 4426 1068 4517 posse
1086 4429 1195 4517 palam
1216 4427 1273 4500 eit.
1322 4432 1356 4499 Si
1377 4454 1457 4520 aero
1473 4435 1575 4534 paulo
1600 4437 1737 4529 longina
1750 4444 1902 4508 inuicem
1920 4437 2061 4521 distent,
2087 4444 2161 4507 imo

554 4550 707 4620 distincta
733 4548 908 4618 individua
927 4558 1113 4634 occupent,
1145 4557 1324 4614 ventorum
1346 4548 1723 4648 ministerio-pollinam
1746 4562 2010 4644 circumquaque
2030 4554 2164 4623 difflan·

554 4671 660 4742 tium,
693 4678 750 4733 aut
780 4664 988 4736 inseatotum
1024 4682 1099 4752 ope,
1123 4663 1246 4749 quibua
1269 4668 1308 4731 in
1334 4663 1489 4758 stirpium
1504 4682 1506 4685 ’
1522 4669 1727 4744 diuinarum
1743 4765 1745 4770 Ι
1759 4672 2026 4743 foecundatam·
2047 4683 2161 4760 parter

1771 4839 1775 4850 ·
1901 4811 1911 4866 .·
2052 4796 2163 4860 maxi·
