5117 5700
545 578 613 695 80⁵
1057 592 1642 635 ”“““““““““““““““““““

543 793 637 872 bant,
656 784 710 855 vel
727 782 840 856 saltem
859 783 904 848 ob
920 787 1089 863 minorem
1109 783 1256 869 partium
1277 776 1402 846 molem
1426 774 1591 846 nonsatis
1613 773 1918 868 distinguebantur.
1966 781 2023 851 Sic
2036 803 2148 852 nouae

430 913 432 917 '
543 904 638 975 illius
661 916 769 970 totam
797 912 950 973 naturam
974 897 1231 986 complectentis
1260 890 1355 958 seriei
1379 907 1489 982 partes
1524 898 1626 962 nobis
1659 895 1820 989 detectae⁸
1838 860 1932 980 sunt3
1972 896 2018 965 stc
2045 905 2147 967 etiam
2269 908 2275 917 '

544 1041 750 1110 magnorum
781 1037 964 1104 corporum
996 1012 1160 1110 structuri
1187 1022 1233 1089 et⁴
1254 1014 1516 1100 compaginibus
1549 1011 1671 1079 melius
1702 1016 1850 1101 cognitis
1872 1034 1987 1082 nouos
2013 1028 2150 1082 catenae

520 1138 691 1219 ,annulos
716 1139 966 1219 arctioremqoe
987 1151 1101 1199 rerum
1129 1148 1256 1194 nexum
1287 1131 1461 1216 percipere
1485 1132 1642 1216 contigit.
1728 1127 1776 1194 Vt
1797 1141 1907 1195 autem
1942 1132 1985 1200 ad
2010 1152 2147 1199 muscos

545 1252 680 1331 nostros
699 1251 893 1324 redeamus,
919 1259 998 1312 ante
1017 1254 1223 1334 nuperorum
1249 1249 1287 1308 in
1310 1241 1375 1308 hic
1390 1242 1522 1311 familia
1543 1242 1811 1327 obseruationes,
1842 1250 1962 1313 naturi
1982 1266 2001 1311 a
2021 1245 2147 1336 plantis

545 1367 735 1458 conspicuis
757 1365 961 1455 genitalibus
981 1363 1140 1452 praeditis
1163 1361 1207 1427 ad
1221 1371 1460 1450 cryptogamas
1476 1360 1586 1428 dictas
1603 1381 1674 1426 non
1695 1360 1804 1448 gradu
1824 1373 1858 1426 et
1871 1367 1968 1428 iuxta
1986 1369 2147 1428 continui

543 1486 634 1575 leges
657 1485 712 1552 t'ed
740 1483 823 1550 saltu
855 1487 987 1570 ingenti
1015 1477 1156 1553 tranfire
1192 1477 1377 1545 videbatur.
1449 1476 1550 1543 Nunc
1576 1497 1655 1545 vero
1679 1477 1810 1544 lumine
1840 1499 1884 1544 ex
1913 1479 2147 1567 Hedwigianis

513 1601 678 1692 'scriptis
696 1604 798 1667 nobis
822 1598 1025 1686 affulgente,
1065 1601 1101 1660 in
1117 1598 1242 1660 muscis
1258 1591 1418 1674 calicem,
1444 1593 1630 1676 corollam,
1654 1593 1841 1692 antheras,
1856 1594 1996 1684 pistilla',
2033 1602 2151 1666 omnia

545 1740 614 1793 vno
636 1720 741 1785 serbo
754 1707 992 1812 proceriorem
1010 1724 1046 1778 et
1070 1711 1180 1801 palam
1200 1711 1400 1775 nubentium
1422 1730 1550 1798 organa
1573 1709 1877 1798 deprehendimus3
1921 1710 2033 1797 sicque
2054 1713 2149 1803 plan·

546 1847 602 1905 tae
622 1826 812 1922 sessiunlcs,
835 1844 870 1898 vt
884 1836 932 1897 ita
953 1830 1092 1913 loquar,
1120 1845 1241 1912 nempe
1265 1823 1403 1911 frigoris
1424 1837 1457 1890 et
1481 1825 1661 1891 diuturnae
1682 1825 1895 1893 humiditatis
1919 1831 2147 1917 impatientes,

535 1954 635 2037 'aqui
661 1959 918 2039 putrescentes,
958 1937 1303 2038 perenchymatosae,
1335 1940 1429 2006 bfeui
1463 1940 1702 2009 marcescentes
1732 1964 1796 2009 nec
1827 1947 2071 2011 reuiuiscentes
2097 1935 2149 2032 *),

547 2069 721 2137 connubia
735 2066 871 2132 tandem
895 2061 1005 2150 palam
1021 2060 1230 2126 celebrantes
1254 2077 1273 2122 a
1295 2056 1420 2145 plantis
1440 2052 1652 2142 hyemalibus
1674 2057 1805 2145 frigore
1826 2056 1968 2139 illaesis,
2002 2058 2150 2125 humidi·

546 2187 625 2257 tatis
639 2177 887 2257 amantissimis,
909 2174 1171 2266 perenchymate
1187 2170 1258 2257 fere
1271 2171 1387 2248 uulso,
1410 2177 1613 2262 irrigatione
1628 2173 1673 2240 ad
1689 2179 1793 2241 vitant
1809 2173 1972 2240 facillime
1985 2197 2150 2244 reuocan-

548 2299 621 2374 dis,
647 2295 774 2363 saecula
789 2295 893 2361 multa
912 2292 1179 2380 persistentibus,
1202 2301 1237 2383 et
1250 2287 1390 2355 thalami
1402 2292 1537 2376 gaudiis
1551 2289 1668 2356 furtim
1684 2289 1875 2360 fruentibus
1890 2291 1997 2359 multo
2014 2297 2151 2359 minora

548 2410 732 2484 interuallo
762 2406 974 2497 separantur3
1017 2412 1125 2472 immo
1153 2403 1308 2469 lacunam
1336 2403 1503 2489 expletam
1538 2419 1573 2472 et
1599 2414 1851 2499 cryptogamiae
1878 2428 2001 2477 arcano
2024 2415 2148 2499 partim

549 2525 665 2600 saltem
685 2522 830 2593 revelata
848 2522 963 2591 dicere
978 2516 1161 2608 possumus.
1212 2516 1247 2585 A
1268 2521 1396 2584 muscis
1413 2518 1457 2583 ad
1471 2517 1752 2602 Mansuetiana,
1786 2525 1940 2612 aliasque
1960 2523 2150 2615 Hepaticns

509 2634 734 2710 ,commode
767 2629 963 2718 transimus,
1002 2640 1126 2722 quippe
1158 2652 1244 2718 quae
1273 2634 1433 2698 omnibus
1468 2633 1746 2706 frrrctificat-ionis
1770 2639 1921 2730 partibus
1938 2644 2079 2730 perinde
2101 2650 2151 2711 in·
2255 2656 2258 2661 ’

551 2756 694 2827 structae
707 2757 898 2844 pariterque
912 2771 999 2840 aqua
1015 2746 1290 2842 reuiuiscentesa
1307 2745 1462 2836 stirpibus
1487 2750 1609 2822 nostris
1631 2768 1764 2823 tantum
1780 2756 1896 2824 fructu
1917 2762 2013 2847 apice
2040 2758 2152 2826 dehis.-

551 2888 650 2954 cente
687 2872 936 2958 seminibusque
969 2867 1040 2938 titis
1071 2869 1239 2936 contortis
1269 2862 1411 2938 classicis
1442 2867 1705 2941 adhaerentibus
1734 2861 1996 2962 distinguuntur.
2069 2877 2151 2942 Inde

551 3005 691 3083 propter
713 2987 874 3066 ssmilem,
912 2997 948 3052 vt
977 2984 1128 3057 videtur,
1145 2978 1286 3046 seminis
1309 2965 1508 3049 structuram
1533 2988 1575 3051 ad
1603 2982 1763 3075 Equisetc
1785 2989 2003 3069 denenimus,
2028 2996 2150 3079 quibus

552 3108 676 3174 affinia
694 3099 895 3190 Lycopodr'a,
911 3096 1023 3183 sicque
1039 3102 1203 3162 continuo
1219 3101 1353 3162 tramite
1364 3097 1405 3162 ad
1421 3097 1558 3167 ultimos
1573 3108 1670 3190 regni
1694 3102 1850 3189 vegetalis
1876 3104 1964 3172 fines
1994 3113 2149 3190 quamuis

433 3290 436 3293 ,
539 3214 737 3306 ,caliginosi
762 3214 982 3299 nondumque
1004 3211 1081 3280 satis
1102 3210 1277 3301 explorata
1301 3219 1353 3279 via
1382 3213 1564 3283 tendimus.
1649 3211 1714 3282 Sed
1736 3213 1878 3305 posteris
1909 3217 2040 3304 aliquid
2072 3222 2150 3287 reli·

555 3331 739 3421 quendum,
787 3329 841 3409 Ex
859 3328 927 3417 his,
949 3340 1113 3430 quaptum
1128 3349 1327 3414 mancorum
1347 3328 1457 3414 studio
1483 3335 1675 3407 iuncturae
1691 3329 1848 3405 scientiae
1875 3339 2018 3428 gratiam
2048 3337 2151 3409 lucri·

552 3450 683 3527 sactum
699 3442 757 3532 sii,
778 3458 882 3547 patet,

706 3681 867 3762 Tandem
890 3698 944 3749 ars
972 3680 1084 3765 nulla,
1115 3683 1209 3755 nulla
1237 3684 1396 3760 doctrina
1425 3684 1493 3772 qui
1514 3688 1645 3775 ingenii
1663 3684 1768 3756 nostri
1793 3694 1879 3757 vires
1894 3701 2096 3757 exercentur
2116 3703 2151 3757 et

556 3797 716 3892 sagacitas
733 3804 880 3879 acuitur,
898 3800 1148 3871 contemnenda
1165 3791 1246 3885 **).
1290 3800 1549 3891 Quamcumque
1569 3802 1743 3873 scientiam
1763 3819 1821 3874 aut
1841 3804 1999 3874 scientiae
2021 3820 2151 3897 partem

557 3916 653 3998 felici
669 3911 814 3979 successu
829 3913 1039 3997 excolueris,
1065 3912 1147 3982 aliae
1164 3919 1265 3982 etiam
1289 3939 1308 3981 e
1334 3916 1512 3988 labori-bus
1535 3926 1606 3989 tuis
1625 3920 1774 3990 fructum
1790 3927 1981 4013 ”percipere
2013 3936 2048 3992 et
2075 3921 2154 3987 illu·

557 4031 654 4112 strati
675 4027 864 4125 persuasum
881 4026 1019 4100 habeas.
1070 4029 1157 4106 Cum
1175 4051 1296 4104 omnes
1310 4029 1523 4110 scientiarum
1546 4053 1670 4129 partes·
1684 4062 1777 4109 nexu
1796 4039 1873 4131 plue
1908 4045 2022 4109 minus
2057 4050 2152 4107 arcto

1712 4179 1719 4190 ·
1830 4209 1836 4218 .
1957 4171 1964 4184 ⁸
2022 4146 2154 4225 'eoban

599 4516 631 4597 l)
653 4510 862 4581 Paucisssmae
879 4513 1087 4594 excipiendae
1105 4518 1187 4593 sunt,
1209 4533 1242 4579 rt
1259 4517 1447 4602 Anastasiou,
1464 4540 1545 4601 quae
1556 4522 1652 4586 ctiam
1666 4529 1747 4614 equi
1762 4522 1972 4594 reuiuisceret.
2033 4595 2038 4602 ¹
2113 4587 2134 4596 „

601 4692 662 4772 ea)
684 4699 789 4775 Quam
812 4690 939 4780 egregia
957 4693 1037 4769 hoec
1058 4696 1180 4766 Halleri
1193 4695 1349 4765 seutentia
1375 4698 1539 4780 „Difficile
1553 4703 1600 4770 est
1614 4702 1755 4794 desinire
1767 4667 1968 4790 simlsetsubi
1985 4657 2155 4776 cutiofitat

551 4826 554 4832 ·
587 4802 593 4812 ’
640 4795 779 4881 ‚delinit
794 4803 911 4868 habere
926 4800 1123 4869 utilitatem·”

1938 4882 1966 4920 aa·
2011 4894 2094 4916 w·
2157 4854 2161 4861 ”
