5117 5700
545 638 601 715 66
1025 619 1649 663 nnn-m·-

544 809 1167 912 Mniumsontanum'frequentissime
1194 813 1374 900 reperitur.
1416 886 1421 890 ,
1449 807 1628 893 sontium,
1650 809 1862 894 risulcum,
1884 809 2146 905 stagnorumque

544 941 733 1029 margines,
752 934 922 1020 ,Hypnum
937 928 1131 1016 riparium,
1161 926 1303 993 Maium
1317 923 1504 1015 ligustrium
1519 941 1581 997 etc.
1603 938 1738 1008 tanaot3
1761 934 1915 1018 riparum
1928 945 2040 999 autem
2056 932 2143 1001 saxis

543 1059 631 1144 aqua
656 1038 814 1131 msdidis,
827 1060 884 1117 aot
899 1053 930 1113 ei
951 1043 1117 1112 immersis
1136 1043 1304 1130 Hypnum
1325 1028 1543 1135 ruscissrmt,
1575 1040 1757 1132 Haimigir
1775 1047 1939 1134 aquatica
1955 1041 2035 1134 (H),
2067 1048 2145 1115 Tri·

542 1159 1004 1262 cisjlumumsoutinoluidcs
1018 1160 1349 1255 etc-adnascuntur:
1396 1159 1435 1227 ln
1454 1159 1638 1229 fluuiorum
1652 1160 1747 1231 nadis
1761 1160 1982 1230 susannis
2004 1160 2145 1252 opiyiss

494 1302 498 1315 ·
541 1290 690 1379 primum
707 1294 837 1371 reperta
854 1276 910 1345 est.
959 1274 1073 1364 Aquis
1089 1279 1284 1367 purioribus
1301 1279 1424 1362 quietis
1441 1274 1635 1368 stagnorum
1659 1284 1693 1341 et
1711 1272 1866 1361 launum,
1895 1286 2005 1348 rarius
2026 1277 2145 1348 surio·

399 1470 403 1483 ,
541 1424 619 1471 rum
647 1398 812 1488 Hypnum
825 1387 979 1487 fluitans
1001 1397 1144 1461 innatat.
1213 1388 1415 1460 Fontinsles
1436 1396 1475 1461 in
1499 1392 1641 1475 riunsis,
1670 1395 1848 1485 amptius,
1875 1390 2143 1481 fluminibusque

541 1515 595 1589 vel
614 1520 772 1583 maximis
806 1517 933 1579 sinunt.
1004 1507 1072 1575 Hic
1092 1520 1204 1605 autam
1221 1506 1481 1590 obseruandum,
1509 1526 1644 1576 muscos
1666 1513 1843 1595 aquaticos
1866 1508 1971 1581 instar
1999 1508 2145 1578 aliarum

539 1630 691 1724 stirpium
707 1634 744 1696 in
761 1628 918 1697 dulcibus
935 1629 1031 1713 aquis
1050 1630 1248 1718 uiuentium,
1272 1623 1373 1692 letius
1390 1625 1530 1692 extendi
1553 1630 1591 1692 et
1607 1628 1644 1691 in
1658 1624 1813 1714 pluribus
1836 1629 2034 1715 regionibus
2051 1633 2145 1692 inue-

540 1736 727 1835 niri‚quam
743 1743 924 1812 terrestres.
977 1740 1077 1829 Aqua
1092 1745 1217 1807 etenim
1232 1734 1372 1830 srigoris
1388 1740 1561 1810 sicalonia
1579 1744 1781 1830 simpariter
1794 1746 2044 1824 minueremus
2055 1743 2143 1810 adeo

541 1863 673 1934 diuersi
694 1863 856 1950 temperie
873 1854 1170 1949 subdinersisfimis
1193 1861 1296 1953 zonis
1314 1858 1450 1945 gaudet.
1516 1855 1571 1925 Sic
1594 1852 1792 1925 Fonrsnrtn
1818 1851 1934 1925 mittor
1957 1864 1994 1923 in
2017 1859 2141 1948 gelidis

523 1981 715 2071 ,Luponiae
729 1976 931 2044 fluminibus
948 1975 1093 2061 Padique
1107 1975 1335 2062 tepidioribus
1351 1978 1447 2060 equis
1465 1978 1591 2062 paritet·
1609 1966 1748 2041 habitat.
1820 1971 1892 2039 Nec
1908 1960 2143 2064 plura'desunt

541 2092 708 2185 exatnpla.
759 2091 808 2161 At
823 2113 924 2173 mare,
941 2087 1099 2182 stirpibus
1114 2088 1265 2157 dulcium
1289 2107 1450 2176 aquarum
1467 2088 1591 2157 incolis
1609 2086 1775 2179 salsugine-
1787 2100 1823 2162 et
1844 2096 2007 2155 emeritis
2021 2086 2077 2155 sui
2092 2095 2144 2155 in·

539 2212 657 2281 festum
680 2222 713 2277 et
734 2220 865 2278 tantum
894 2204 1025 2297 plantas
1049 2207 1220 2275 radicibus
1242 2205 1432 2289 destitutas,
1466 2224 1527 2295 per
1556 2223 1660 2295 poros
1683 2203 1915 2286 nutriendas,'
1936 2204 2143 2294 frigorisque
2275 2206 2277 2211 '

539 2332 755 2418 impatientes
771 2327 903 2412 graffio
918 2318 978 2389 suo
1001 2320 1176 2393 occultans
1200 2330 1234 2386 et
1250 2320 1382 2402 fouens,
1408 2338 1544 2390 muscos
1565 2342 1634 2387 non
1660 2317 1794 2389 tolerat.
1869 2321 1987 2409 Neque
2013 2321 2141 2388 etenini
2187 2314 2198 2328 ’

541 2442 644 2513 vllam
660 2434 920 2507 huiussamiliae
936 2431 1078 2525 speciem
1097 2440 1135 2502 in
1151 2440 1236 2501 mari
1246 2443 1372 2519 viuere,
1390 2437 1697 2526 mihicompertum
1713 2437 1770 2505 est.
1820 2436 1913 2529 Quin
1929 2452 1963 2505 et
1977 2436 2075 2503 facile
2091 2443 2143 2504 in·

540 2558 706 2648 telligitur
725 2554 785 2624 has
804 2548 1089 2645 plantulas,„quae
1103 2554 1197 2619 tanti
1219 2553 1382 2619 auiditate
1402 2549 1583 2620 humorem
1605 2557 1736 2634 bibunt,
1760 2575 1831 2621 non
1853 2553 1923 2623 sine
1947 2534 2073 2621 damno
2089 2558 2142 2618 in·

479 2740 482 2749 ,
539 2687 781 2759 ternarumque
797 2672 942 2761 partium
964 2662 1109 2749 laesuri,
1134 2686 1255 2754 aquam
1272 2674 1437 2734 marinam
1457 2679 1509 2733 tot
1529 2673 1679 2759 partibus
1703 2648 1939 2759 heterogeneis
1959 2668 2142 2739 scatentem

540 2766 636 2888 poris
653 2784 865 2858 admissuram
879 2780 983 2853 fuisse.
1043 2782 1219 2864 Hiocillis
1235 2797 1355 2853 natura
1371 2781 1432 2854 has
1448 2782 1534 2852 solas
1552 2782 1644 2856 ledes
1660 2789 1861 2877 abnegabit,
1887 2784 2138 2855 omnibusaliir
2205 2830 2209 2838 ι

540 2912 710 3001 inquibus
726 2923 871 2995 corpora
886 2906 1048 2992 organica
1065 2906 1186 2970 uiuunt
1202 2911 1237 2969 et
1254 2898 1535 2991 multiplicantur,
1551 2908 1599 2971 eis
1620 2906 1658 2970 in
1673 2904 1849 2972 domicilia
1863 2902 2039 2980 conculis.

640 3130 732 3199 inter
748 3147 866 3198 omnes
887 3101 1212 3218 plantarum'gentes
1230 3135 1344 3193 autem
1367 3124 1462 3195 nulli
1485 3127 1595 3213 dator,
1617 3151 1702 3219 quae
1725 3141 1834 3198 tarrae
1852 3121 1971 3198 nitriis
1986 3129 2074 3202 adro
2095 3126 2137 3195 fit
2235 3183 2237 3188 .

542 3219 679 3328 amans,
705 3259 739 3313 et
758 3250 889 3334 aegrius
910 3249 947 3310 in
967 3241 1080 3311 alieno
1094 3239 1166 3312 solo
1183 3248 1286 3310 vitam
1306 3245 1482 3334 producat.
1534 3246 1607 3314 Tot
1621 3252 1746 3321 etenim
1768 3259 1906 3331 toroque
1927 3249 2068 3314 minutis
2089 3256 2136 3310 te·
2249 3255 2258 3260 “

540 3369 701 3454 nmisque
715 3347 885 3430 radicibus
906 3357 977 3427 solo
994 3363 1105 3452 patrio
1130 3359 1328 3459 plerumque
1351 3359 1546 3445 adhaerent,
1568 3375 1604 3431 vt
1629 3361 1700 3442 stne
1722 3381 1835 3432 aarum
1859 3364 2006 3451 partium
2028 3362 2139 3428 disru-

540 3490 669 3574 ptione,
686 3480 773 3547 unde
788 3481 938 3546 maximo
958 3476 1118 3567 saepeque
1142 3472 1259 3546 lethali
1280 3477 1406 3544 damno
1424 3473 1539 3568 plinta
1561 3478 1728 3562 afficitor,
1752 3477 1855 3546 euelli
1875 3480 2036 3564 tetrique
2056 3497 2136 3565 pur·

540 3602 613 3690 gari
630 3605 807 3684 nequeant.
865 3586 901 3660 Si
918 3604 1132 3678 tamencum
1152 3592 1222 3685 ipsi
1237 3589 1346 3683 glebii,
1371 3611 1456 3681 quae
1479 3615 1541 3664 eos
1560 3596 1701 3686 protulit
1721 3603 2046 3684 transportenturet
2061 3590 2134 3657 solo

540 3716 668 3783 idoneo
684 3713 801 3786 umbra
817 3717 851 3776 et
870 3703 1071 3777 humiditate
1091 3705 1218 3778 fruenti
1239 3713 1514 3793 committantur,
1544 3716 1668 3796 iterum
1688 3717 1996 3802 sigere-tantosque
2020 3727 2133 3778 nouas
2220 3740 2222 3745 ·

540 3823 641 3910 ¹edere
655 3821 797 3916 possunt.
847 3821 936 3891 Num
953 3843 1033 3892 nero
1049 3839 1081 3892 et
1098 3825 1244 3916 capsulas
1262 3829 1364 3894 etiarn
1384 3824 1443 3895 sno
1464 3839 1617 3916 tempore
1632 3839 1799 3919 prr-ornant,v
1814 3822 1909 3892 nulls
1923 3827 2134 3913 experientis

540 3946 716 4030 hucusque
739 3943 864 4007 senior
885 3937 994 4007 sactus
1020 3929 1107 4022 sum,
1150 3941 1242 4029 quod
1273 3956 1388 4008 tamen
1418 3924 1683 4014 neroumita'etn
1746 3940 1791 4010 vt
1814 3957 1850 4010 vt
1870 3939 1933 4021 lit,
1973 3960 2055 4028 gens
2078 3938 2135 4006 illa

540 4064 654 4131 omnis
669 4055 819 4125 culturae
842 4058 1021 4146 impatiens
1043 4057 1106 4124 osse
1121 4059 1269 4137 vinctura
1294 4055 1377 4128 hinc
1398 4066 1529 4131 natiuae
1552 4057 1922 4146 formas-habitumque
1945 4061 2133 4145 genuinum

538 4175 699 4247 omnibus
714 4171 788 4242 aliis
803 4167 958 4263 stirpibus
974 4171 1119 4241 sanctius
1136 4179 1260 4242 retinet
1273 4171 1532 4266 libertatemque
1549 4171 1657 4262 suam,
1678 4192 1713 4247 vt
1735 4181 1781 4244 ita
1799 4151 1940 4265 loquar,
1959 4179 2136 4240 intemera-
2261 4263 2267 4270 ¹

538 4308 607 4363 tam
624 4287 742 4360 seruat.
799 4287 881 4360 Non
896 4288 1087 4382 negandum
1110 4294 1247 4380 quidem
1271 4310 1390 4360 eorum
1408 4293 1725 4382 multiplicationem
1741 4316 1759 4361 a
1773 4290 1917 4374 semine,
1942 4297 2091 4380 primum
2114 4309 2134 4355 a

536 4409 691 4492 Dissenio
713 4401 834 4474 frustra
857 4417 1028 4490 tentatam,
1051 4413 1262 4495 temporibus
1286 4407 1408 4478 nostris
1428 4409 1607 4498 Hedwigio
1629 4411 1775 4497 'aliisque
1790 4407 1981 4481 Botanisis,
2006 4402 2138 4469 metho.

538 4503 619 4594 duni
636 4525 704 4615 ipis
721 4519 925 4591 monstrante
943 4527 1078 4605 natura,
1101 4517 1192 4590 felici
1211 4540 1334 4598 euentu
1347 4523 1485 4607 cessisse;
1510 4537 1545 4593 at
1560 4549 1629 4594 non
1648 4527 1706 4616 niti
1722 4533 1761 4606 in
1776 4519 2003 4614 vulgatissimis
2016 4518 2136 4607 specie·

468 4637 491 4696 ⁸
537 4647 612 4726 bus,
629 4654 663 4709 vt
677 4637 894 4710 Kstsreuttrd
917 4631 1192 4731 ipgromentricti
1217 4639 1313 4728 (Μ),
1340 4639 1439 4710 Muto
1456 4638 1646 4729 cnrJ'pititso
1663 4644 1726 4726 tis),
1740 4643 1926 4710 tenumina
1948 4633 2037 4701 sacta
2057 4632 2134 4700 sunt

442 4829 446 4834 ,
535 4769 569 4824 et
584 4756 791 4848 experientis
803 4755 967 4840 nondum,
984 4757 1097 4824 edocti
1114 4751 1224 4823 sumus
1241 4769 1353 4826 vitum
1369 4765 1475 4828 musci
1493 4763 1619 4827 exotici
1638 4777 1698 4828 aa:
1721 4776 1780 4848 pr:
1805 4749 2057 4844 el'eosylvanii
2075 4755 2135 4817 aut

534 4873 680 4974 inmunis
695 4894 774 4939 cum
786 4877 927 4941 maturis
945 4872 1085 4966 capsulis
1102 4869 1204 4957 allas,
1219 4876 1339 4960 eodem
1349 4874 1559 4970 modoapud
1569 4895 1632 4948 nna
1644 4875 1823 4970 propagari
1836 4865 1973 4963 possint.
1997 4868 2133 4934 Horum

563 4981 573 5008 ’
1692 5019 1721 5068 pq
1965 4983 2127 5054 sationem
2257 5043 2260 5048 .
