5117 5700
442 868 447 875 ·
524 835 709 935 §alyptrae
731 847 808 921 pare
832 818 987 920 'superior
1008 824 1169 897 rarissime
1191 825 1396 893 verticaliter
1421 838 1532 893 erecta
1554 829 1684 919 absque
1704 833 1773 901 vlle
1795 810 2025 923 declinatione
2059 918 2061 922 Ι

423 959 609 1030 inuenitur.
658 946 861 1034 Exemplum
878 961 992 1013 tamen
1009 948 1171 1035 praebent
1191 939 1336 1033 Leerfiue
1346 945 1549 1045 nonnullae.
1600 949 1647 1015 Vt
1669 950 1858 1040 plurimum·
1876 955 2024 1046 superiu-

422 1092 460 1139 ιι
477 1067 586 1138 uersus
607 1063 723 1131 senum
746 1065 946 1133 incuruatur
961 1069 1055 1151 apice
1078 1061 1181 1150 vulgo
1204 1059 1377 1142 deorsum,
1405 1060 1565 1131 rarisfime
1587 1065 1712 1142 su'rsum
1735 1068 1922 1160 spectante,
1954 1071 2024 1140 hoa

422 1211 488 1276 que
502 1198 634 1252 tantum
654 1183 772 1249 locum
787 1185 921 1248 obtinet
935 1185 990 1247 ubi
1005 1179 1157 1266 operculi
1176 1177 1296 1269 cuspis,
1315 1186 1412 1248 cuiue
1428 1182 1654 1255 directionem
1672 1188 1807 1278 capsula
1831 1186 2024 1277 sempense·
2115 1204 2118 1212 '

419 1308 543 1391 quitur
550 1300 674 1368 sursum
688 1310 893 1378 recureetur,
907 1310 941 1365 vt
954 1302 990 1363 in
1006 1295 1179 1362 Grimmici
1196 1296 1391 1379 recurunt,
1416 1296 1638 1369 Kuelreurerri
1654 1302 1920 1393 bygrornetrird‚
1942 1301 2023 1397 (Μ),

417 1419 519 1488 Μιιιο
546 1417 649 1484 crudo
673 1430 739 1485 etc.
761 1415 933 1481 interdum
957 1412 1163 1483 obseruatum
1238 1413 1442 1481 Praeterea
1430 1436 1469 1480 ιιι
1493 1417 1611 1504 multis
1633 1418 1807 1511 speciebus
1827 1443 1888 1489 ex:
1910 1441 1965 1510 gr:
1957 1425 2031 1505 in.

417 1522 655 1639 (ἱιιιιιιοβοιιιο
671 1543 845 1608 truncato,
869 1527 950 1616 (B)
977 1530 1095 1596 Burbu
1097 1528 1129 1594 u
1148 1529 1265 1617 rigidi
1282 1543 1315 1596 et
1330 1529 1521 1599 euidentius
1536 1534 1674 1603 adhuc
1663 1561 1702 1605 an
1719 1535 1942 1637 Koesrruterri
1963 1534 2024 1626 by.

416 1627 635 1739 g'rnmrtricd,
635 1647 821 1759 calyptrae
836 1668 922 1734 apex
942 1645 1047 1713 setuld
1070 1650 1165 1713 breui
1188 1651 1379 1734 nigricante
1397 1665 1596 1732 coronatus,
1619 1655 1729 1724 oculis
1757 1655 1818 1724 rel
1830 1659 2022 1741 inermibus

414 1765 703 1855 conscipicitur.
705 1762 799 1830 Haec
815 1761 915 1829 setula
933 1761 1021 1828 nihil
1038 1763 1130 1830 aliud
1147 1762 1204 1840 es
1179 1780 1323 1849 tquam
1345 1767 1427 1830 tuba
1441 1765 1555 1854 pistilli
1575 1792 1660 1857 quae
1674 1795 1752 1839 cum
1770 1769 1923 1864 calyptrai
1945 1791 2023 1838 earn
2069 1748 2075 1755 ⁸

413 1884 629 1952 suffulciente
643 1892 753 1947 arcete
768 1899 925 1946 connexa
940 1903 1018 1945 cum
1037 1886 1076 1945 ea
1092 1879 1212 1945 simul'
1201 1902 1237 1945 ιιι
1245 1880 1358 1946 altum
1380 1880 1501 1964 femur,
1520 1886 1651 1977 illaque
1670 1889 1833 1984 dilapsa,
1822 1911 1862 1957 tn
1872 1885 2022 1959 nonnul·

361 1988 365 1995 ’
413 1999 458 2069 lis
473 1999 646 2094 speciebus
663 2016 721 2061 ex:
738 2018 777 2084 gr
785 2001 849 2069 ain
864 1994 991 2064 Phaeca
1008 1998 1118 2085 crispo
1136 1995 1248 2064 adhuc
1263 1996 1435 2066 obseruari
1451 2001 1569 2090 potest.

514 2204 902 2313 Calyptraesuperticies
921 2207 1029 2275 laeuis
1044 2217 1077 2273 et
1096 2205 1301 2294 glaberrima
1322 2213 1358 2274 ιιι
1376 2210 1546 2300 plerisque
1570 2222 1699 2285 muscis
1720 2223 1898 2307 reperitur,
1924 2230 2021 2304 tune·

412 2325 586 2418 quarrada
608 2328 709 2390 nobis
732 2325 868 2389 dicitur.
917 2322 959 2387 ln
981 2323 1087 2412 longe
1110 2328 1328 2412 paucioribus
1349 2323 1517 2409 striatam,
1548 2329 1709 2417 pilosam,
1747 2332 1799 2399 vel
1814 2335 2019 2401 indumento
2052 2323 2086 2358 ¹*

412 2445 532 2516 villoso
556 2455 692 2521 tectam,
708 2464 781 2509 eam
807 2445 1014 2508 inuenimus.
1071 2438 1161 2506 Sic
1152 2462 1189 2506 ιιι
1221 2438 1433 2528 Tetraphide
1446 2438 1629 2529 pellucidb
1637 2443 1722 2530 (M)
1747 2461 1782 2514 et
1797 2445 2018 2535 Orthotrr'rbe
2053 2461 2058 2471 “

410 2557 633 2651 slrr'utuffl)
583 2562 742 2641 libiade
759 2581 885 2627 numen
901 2573 1056 2628 arrutuato
1074 2557 1161 2625 striis
1173 2556 1484 2647 longitudinalibus
1497 2575 1632 2628 exarata
1649 2565 1792 2631 uidetur
1839 2563 1879 2632 ln
1895 2566 2031 2657 eodem,-

280 2776 285 2785 ἡ
325 2684 330 2689 ’
415 2675 636 2747 Orthotrrchu
651 2687 684 2741 et
700 2681 950 2763 congenertbus
974 2676 1052 2761 pilis
1072 2680 1196 2753 uectis,
1222 2679 1361 2762 rigidis,
1387 2680 1483 2762 apice
1506 2675 1624 2744 liberis
1643 2683 1827 2768 obtegitur.
1869 2679 2018 2773 lnl'oly-
2051 2672 2054 2678 ’

412 2795 522 2864 ericho
546 2790 710 2861 undulata
724 2787 800 2875 (Β)
824 2791 1061 2858 huiuscemodi
1084 2787 1265 2878 processus,
1291 2795 1446 2876 quamuis
1461 2799 1608 2861 rariores
1632 2809 1666 2861 et
1687 2809 1818 2862 tantum
1841 2797 1900 2864 sub
1920 2802 2016 2886 apice

411 2913 584 3008 calyptrae
604 2907 848 2991 obseruantur3
873 2930 951 2976 cum
973 2929 1054 2975 reru
1079 2906 1130 2974 illi
1156 2906 1327 2996 processus
1344 2907 1536 2997 pilifurmee
1561 2932 1660 2979 verae
1683 2911 1892 3005 perapbyses
1908 2910 1980 2994 sint,
1996 2933 2015 2979 e
2161 2965 2166 2973 .

410 3028 564 3121 calyptrt
584 3025 657 3116 post
676 3031 839 3122 germinis
855 3029 1187 3115 impraegnationem
1209 3030 1247 3090 in
1265 3029 1338 3092 eiue
1342 3024 1506 3136 tutelam
1525 3041 1642 3109 natae,
1674 3011 1753 3096 talis
1776 3028 1930 3129 calyptra
1950 3046 2028 3118 pa„
2086 3085 2095 3094 .
2141 3087 2145 3092 .

386 3128 651 3237 'rupipfiphora
668 3146 803 3210 dicitur.
877 3142 1038 3209 Tandem
1063 3141 1308 3233 plerorumque
1330 3153 1540 3210 caeterorum
1562 3139 1836 3230 Polyarchum
1861 3145 2015 3239 calyptre

410 3263 521 3342 exilis,
541 3277 575 3330 et
588 3258 742 3352 capsulae
759 3264 988 3352 protegendae
1004 3261 1158 3347 alioquin
1173 3279 1294 3349 parum
1314 3271 1402 3347 epta,
1416 3271 1614 3348 tegumento
1628 3261 1746 3328 villoso
1762 3262 1866 3329 denso
1885 3285 1903 3329 e
1918 3262 2014 3330 floria
2068 3335 2076 3355 x

407 3382 572 3451 soeminei
592 3378 832 3476 parapbyfibus
853 3383 941 3466 apici
959 3378 1018 3445 suo
1039 3378 1258 3472 agglutinatis
1274 3388 1308 3442 et
1321 3396 1441 3442 comae
1457 3376 1561 3448 instar
1580 3380 1855 3466 dependentibus
1870 3393 2013 3467 compo·

407 3500 468 3567 fito
491 3498 626 3588 gaudet.
674 3494 767 3561 Hinc
789 3494 870 3562 illas
888 3493 1059 3585 calyptrae
1076 3516 1161 3579 quae
1179 3493 1308 3590 pristini
1333 3492 1491 3559 Rotanici
1513 3473 1826 3582 ιιιιιιοιιιιιιιιιιιιι,
1858 3492 2012 3562 villosam

406 3618 502 3686 ι11ιιιι
519 3619 683 3695 ιιιιιιοιιιι,
707 3618 774 3701 qud
800 3613 1019 3679 obducuntur
1039 3607 1103 3699 pio
1125 3615 1167 3675 iis
1189 3607 1368 3691 habentes,
1389 3600 1643 3700 nobisuests'ruc
1665 3616 1897 3678 nominantur.
1943 3611 2011 3678 Hie

407 3749 517 3805 autem
533 3731 711 3801 obseruare
728 3730 839 3811 liceat,
856 3729 943 3796 illud
961 3722 1129 3819 calyptrae
1143 3737 1376 3813 tegumentum
1391 3745 1433 3792 eo
1449 3732 1558 3814 magis
1573 3724 1780 3813 Polytrichis
1790 3724 2010 3797 necessarium
2038 3709 2043 3720 ⁵

407 3851 480 3930 eise,
509 3852 649 3936 quodin
667 3851 756 3918 locis
778 3849 912 3938 asperis,
937 3852 1047 3915 uentis
1069 3846 1307 3929 imbribusque
1323 3840 1538 3931 frequentius
1557 3838 1695 3933 pulsatis
1719 3844 1822 3934 vulgo
1839 3844 2009 3930 habitant,

408 3966 624 4050 fructumque
640 3972 858 4054 primoecce,
874 3985 997 4055 nempe
1012 3961 1205 4054 tempestate
1223 3965 1380 4030 emnium
1399 3960 1700 4029 inconstantisbma
1715 3964 1873 4033 educant.

508 4199 617 4303 Color
630 4199 805 4293 calyptrae
823 4204 928 4266 initio
942 4195 1062 4267 viridis
1077 4195 1140 4278 est;
1163 4201 1220 4265 vbi
1236 4212 1348 4267 autem
1368 4221 1390 4266 a·
1405 4175 1565 4289 uag‘inula
1580 4198 1687 4267 soluta
1709 4198 1878 4289 capsulam
1899 4203 2007 4269 libere

404 4320 656 4402 circumvestit,
676 4318 1094 4401 colorillernluteolum‚
1117 4315 1251 4384 fuscum
1269 4332 1329 4386 aut
1343 4318 1512 4402 rubellum
1532 4322 1683 4385 vertitur
1732 4314 1831 4385 Haec
1846 4317 1899 4383 dis
1895 4323 2007 4382 crimi-

288 4471 295 4483 ι
404 4461 463 4507 na
471 4460 552 4507 vero
582 4460 655 4506 non
679 4440 765 4504 tanti
787 4433 863 4503 sunt
893 4441 1071 4515 momenti,
1097 4448 1249 4564 quamvt
1269 4440 1313 4505 iis
1336 4434 1566 4505 describendis
1596 4436 1758 4505 diutius
1746 4441 1924 4502 immorari
1947 4437 2006 4504 de·

402 4558 554 4625 beamus.

504 4774 710 4865 Mtgnitudo
727 4772 901 4867 calyptrae
914 4795 979 4862 pro
996 4772 1136 4844 diuersa
1149 4772 1322 4865 speciebus
1338 4776 1381 4844 ed
1396 4775 1536 4842 modum
1552 4769 1694 4840 diuersa.
1739 4768 1903 4862 Caplulae
1917 4793 2002 4858 quae

401 4891 597 4985 pedunculo
613 4887 805 4960 breuisfimu
820 4889 1012 5004 instructae,
1027 4896 1118 4962 intra
1132 4894 1377 4987 perinhaetium
1397 4906 1572 4980 tamquam
1587 4894 1625 4957 in
1639 4892 1898 4984 propugnaculo
1918 4913 2001 4958 con·

1189 5010 1223 5078 D
1249 5026 1269 5100 3
1907 5011 1998 5077 ditae
