5117 5700
287 638 327 731 .'
415 712 418 717 .
534 621 635 721 ικι1

540 827 740 925 scriptiones
764 822 882 914 lingui
909 811 1059 906 Anglici
1081 805 1292 898 conscriptae
1315 821 1350 876 et
1371 814 1464 876 inter
1487 808 1635 896 optimas
1662 813 1899 882 numerandae
1927 827 2152 910 reperiuntur,

540 954 588 1022 La
604 948 719 1026 btrrk,
736 948 795 1031 qui
814 947 851 1007 io
867 936 921 1004 int
937 929 1039 1001 riori
1054 925 1185 994 critici
1201 926 1346 991 Linoaei
1362 944 1486 1014 genera
1502 924 1632 996 illibata
1644 929 1794 1018 reliquit,
1810 929 2045 1021 speciesrero',
2070 964 2161 1029 qno..

542 1092 619 1139 rum
632 1080 818 1133 numerum
832 1056 918 1124 vitra
934 1048 1038 1117 iustos
1052 1044 1179 1110 limites
1197 1042 1383 1129 aliquando
1397 1051 1597 1122 conturm-
1613 1045 1899 1138 ddcnpdcnibus
1915 1076 2001 1140 qnae
2024 1078 2088 1126 nec
2108 1067 2158 1127 oi·

544 1191 615 1258 mii
630 1186 793 1251 breuitate
813 1196 876 1241 nec
890 1163 1038 1238 taediosi
1052 1160 1250 1254 prolixitate
1263 1160 1423 1228 laborant
1443 1159 1619 1244 instrurit;
1648 1150 1856 1233 Dieltsonns
1863 1171 2015 1252 tandem,
2036 1178 2129 1260 qui
2118 1197 2159 1244 ru

529 1305 611 1373 sois
644 1298 852 1368 Picntcrusre
886 1280 1233 1374 crypcogomicorum
1263 1269 1444 1368 fasciculis
1474 1299 1610 1347 muscos
1640 1301 1714 1347 non
1745 1302 1873 1371 paucos
1903 1289 1945 1353 ab
1965 1288 2160 1376 Hudsonio,
2222 1323 2226 1333 ι

547 1415 762 1509 Lightsoctio
776 1423 812 1477 et
827 1406 953 1475 Curti·
943 1424 981 1469 ιιι
999 1395 1128 1486 Anglii
1142 1406 1276 1484 praeter
1291 1390 1379 1462 risos
1395 1416 1473 1461 cum
1494 1391 1636 1463 historia
1658 1400 1756 1466 breui
1776 1411 1810 1465 et
1824 1404 1986 1471 iconibus
2003 1384 2161 1474 nitidissi-

531 1540 618 1606 ssmis
640 1534 717 1601 orbi
731 1527 867 1595 erudito
889 1518 1186 1588 communicauit.
1212 1508 1279 1577 rit
1286 1510 1489 1578 dolendum
1495 1532 1539 1578 ex
1562 1517 1635 1581 eius
1657 1512 1944 1605 descriptionibus
1966 1520 2164 1610 praesertim

553 1618 1085 1744 eperistomatisinuestigatione,
1094 1648 1180 1716 quae
1192 1632 1384 1694 accuratior
1396 1625 1584 1717 esseposset
1602 1652 1674 1699 ιιοιι
1687 1630 1764 1702 irus
1773 1633 1916 1722 liquere,
1934 1638 1976 1704 ad
1985 1641 2162 1725 quodum

554 1790 662 1863 genus
684 1765 810 1856 species
828 1775 939 1825 noune
956 1769 1039 1839 quas
1056 1749 1186 1814 detexit
1205 1745 1418 1812 reducendae
1432 1743 1508 1847 sint.

707 1996 893 2078 Hucusque
911 1987 954 2054 de
968 1984 1110 2050 Linnaei
1133 1982 1273 2064 eiusque
1287 1974 1544 2068 Disci‘pulorum
1559 1986 1650 2048 circa
1669 1979 1916 2072 muscologiant
1933 1980 2110 2054 laboribus
2132 1999 2169 2056 et

488 2157 490 2161 Α
557 2119 700 2209 meritis.
751 2106 852 2178 Nunc
872 2105 916 2172 ad
935 2121 996 2168 eos
1019 2108 1176 2169 auderes
1192 2096 1466 2185 progrediamur,
1480 2104 1538 2184 qui
1559 2097 1660 2165 aliam
1684 2100 1728 2164 de
1744 2118 1941 2189 muccosum
1961 2101 2167 2187 genitalibus

558 2251 591 2304 et
608 2235 735 2321 nuptiis
758 2227 959 2315 opinionem
984 2214 1133 2304 amplexi
1144 2212 1220 2279 sunt
1237 2224 1270 2278 et
1284 2217 1327 2277 ab
1342 2233 1384 2278 eo
1404 2212 1481 2301 plus
1499 2219 1657 2282 minusue
1672 2213 1901 2283 dissenserunt.
1951 2217 2168 2361 Temporune

561 2353 683 2421 ordine
702 2342 858 2433 neglecto
875 2355 930 2405 ree
945 2332 1012 2424 ipsa
1029 2331 1133 2423 paulo
1146 2330 1337 2417 retrogredi
1352 2331 1459 2398 iubet.
1789 2340 1792 2347 “

712 2571 834 2644 Stellas
857 2563 1073 2636 disciformes
1099 2566 1194 2628 iuxta
1218 2559 1362 2626 Linnaei
1382 2557 1579 2628 sententiam
1610 2582 1807 2632 moruorum
1833 2563 1999 2635 immin„
2021 2564 2172 2640 figent„

497 2716 504 2726 .
563 2716 635 2768 non
650 2693 735 2765 aiseo
749 2698 786 2758 in
805 2687 920 2756 multis
936 2681 1106 2773 speciebus
1123 2676 1311 2767 praesentes
1331 2668 1395 2743 'eise
1409 2675 1644 2769 obseruetoreu
1661 2681 1778 2771 ingere
1795 2680 1865 2749 iton
1886 2676 2029 2773 poterat.
2083 2684 2173 2754 Cum

563 2831 678 2885 tamen
694 2824 729 2879 et
742 2819 892 2876 caeterae
906 2801 1029 2893 species
1053 2795 1170 2864 sobole
1184 2793 1240 2863 sui
1257 2815 1327 2860 noo
1344 2807 1500 2877 careant,
1526 2799 1616 2887 apud
1631 2818 1692 2866 eos
1706 2797 1858 2890 legitima
1872 2802 1974 2869 dubia
1994 2802 2038 2870 de
2049 2793 2187 2873 harum*

568 2931 737 3001 stellarum
752 2926 872 2991 recturi
896 2919 1164 3001 muneribusque
1182 2933 1245 2978 nec
1267 2933 1341 2978 non
1365 2910 1436 3002 spea
1459 2933 1655 2981 moruorum
1679 2917 1840 3004 genitalia
1858 2917 1942 2988 aliis·
1956 2924 1994 2985 in
2010 2924 2175 3011 partibus

450 3069 457 3084 '
569 3044 771 3118 inueniendi
789 3052 863 3107 orta
879 3035 966 3104 suot.
984 3043 987 3048 '
1017 3032 1108 3099 Hinc
1126 3030 1253 3099 Hillius
1273 3036 1310 3097 in
1329 3027 1386 3096 sui
1400 3027 1607 3118 plantarum
1621 3024 1760 3122 hilaris
1776 3049 1858 3129 1751.
1879 3057 2005 3104 nouam
2029 3023 2187 3107 omnino*

570 3162 770 3229 sententiam
794 3158 884 3221 iniit.
940 3147 1086 3216 Vascala
1110 3168 1233 3235 nempe
1256 3145 1455 3235 pedicellata
1476 3169 1540 3237 pro
1561 3147 1693 3237 capsula
1713 3151 1765 3217 rel
1788 3149 1916 3231 fructu,
1949 3152 2067 3220 dentes
2091 3176 2178 3222 vero

571 3277 624 3347 rel
639 3273 715 3342 cilia
732 3273 859 3359 quibus
877 3287 996 3335 eorum
1013 3276 1167 3355 apertura
1182 3266 1334 3351 cingitur
1349 3284 1413 3353 pro
1432 3262 1582 3332 antharit
1597 3260 1734 3347 hebuit,
1751 3278 1786 3332 et
1803 3267 1850 3332 cb
1868 3285 1982 3362 aarum
1996 3270 2180 3356 particula·

557 3414 649 3463 sum
670 3386 928 3458 multitudinem
951 3401 1090 3450 muscos
1112 3377 1269 3469 stirpibus
1294 3380 1495 3474 polyandrio
1516 3377 1700 3469 adscripsit.
1755 3380 1844 3449 Cum
1866 3401 1947 3450 vero
1970 3388 2079 3472 musci
2103 3406 2181 3453 non

572 3513 672 3602 pauci
688 3514 754 3574 iam
771 3517 854 3570 tunc
869 3514 1034 3589 temporis
1048 3503 1179 3585 cogniti
1196 3496 1310 3574 essent,
1329 3504 1389 3583 qni
1403 3498 1557 3588 capsulae
1566 3496 1745 3565 'orificium
1759 3495 2033 3590 prorsusnuduro
2051 3495 2184 3571 hebent
2256 3549 2263 3558 -

558 3627 691 3696 'fructu
706 3637 821 3692 tamen
839 3616 1030 3710 praesente,
1057 3613 1141 3681 baec
1160 3611 1323 3682 sententia
1346 3618 1443 3681 breui
1462 3616 1598 3685 cecidit.
1786 3613 1790 3623 '

727 3852 858 3917 interea
878 3847 920 3915 ad
942 3846 1114 3937 pristinam
1136 3849 1180 3914 de
1199 3846 1332 3936 capsuls
1354 3854 1556 3939 opinionem
1578 3845 1725 3912 reditum
1749 3858 1843 3923 erat,
1873 3842 2021 3936 solisque
2040 3845 2187 3917 morrei
2285 3809 2288 3822 Ι

473 3995 482 4014 ·
510 4037 522 4044 ,
577 3970 799 4041 sectatoribus
814 3967 964 4051 exceptis
978 3967 1103 4048 ubique
1117 3961 1189 4031 sere
1204 3963 1335 4054 pariilla
1349 3977 1521 4054 nmquam
1535 3964 1665 4031 sructus
1675 3965 1798 4028 iterum
1812 3962 1979 4032 celebrari
1992 3970 2190 4057 incipiebati

538 4079 545 4090 ’
576 4089 719 4156 Veritati
737 4090 840 4174 igitur
863 4081 973 4148 indies
989 4084 1129 4170 propius
1150 4084 1389 4165 accedebatur,
1412 4081 1524 4170 sieque
1543 4100 1670 4148 uourtm
1693 4076 2032 4168 florentissimusque
2052 4102 2190 4152 musco·

502 4257 506 4264 -
576 4209 691 4298 logice
710 4201 877 4271 saeculum
893 4201 1084 4278 oriebatur,
1108 4202 1284 4266 erroribus
1300 4213 1421 4268 tamen
1434 4221 1477 4267 er
1494 4197 1641 4263 hnmani
1661 4195 1865 4263 conditiore
1878 4217 1960 4264 vero
1983 4195 2112 4290 semper
2132 4199 2194 4266 ad·

579 4328 707 4394 mixtis.
766 4317 820 4385 Sic
838 4315 1063 4385 Schmideliua
1087 4319 1122 4382 in
1153 4314 1210 4381 sut
1237 4324 1371 4407 egregii
1399 4320 1443 4386 de
1463 4283 1683 4384 Buxbousstiii
1706 4287 1938 4381 dissertatione
1958 4312 2059 4383 huius
2079 4319 2194 4384 musci

580 4439 748 4533 capsulam
766 4435 819 4506 vel
833 4440 945 4526 potius
961 4430 1130 4500 sacculum
1145 4432 1244 4501 illum
1265 4435 1397 4526 polline
1411 4434 1571 4501 refertum
1586 4436 1650 4501 et
1638 4454 1728 4499 inea
1711 4431 1849 4498 libere
1861 4432 2013 4499 locatum
2027 4429 2092 4523 pro¹
2112 4453 2197 4502 otta·

581 4565 637 4625 rio
652 4558 788 4639 haboit3
827 4565 862 4621 at
882 4550 1057 4620 illamenta
1078 4549 1312 4619 tenuissimae
1335 4550 1490 4643 capsulae
1511 4558 1641 4641 pariete
1662 4554 1832 4617 exteriore
1856 4549 2058 4640 prodeuntia
2077 4561 2112 4616 et
2130 4569 2197 4640 per

583 4671 718 4741 thecam
743 4672 917 4740 distributa
939 4666 1092 4754 masculo
1113 4663 1234 4734 otnero
1259 4669 1360 4758 fungi
1384 4667 1447 4735 sibi
1470 4667 1638 4759 persuasst.
1694 4668 1785 4735 ldem
1817 4671 1854 4732 in
1880 4655 2109 4757 pulcherrimi
2136 4665 2199 4734 sui

509 4815 519 4832 ι
587 4787 809 4878 Tetruplridir
826 4787 1011 4878 pellucidae
1032 4781 1103 4869 (M)
1127 4779 1254 4876 analysi
1276 4784 1472 4852 summam
1461 4809 1498 4855 ιιι
1521 4786 1734 4856 obseruando
1755 4784 1985 4874 sagacitatem,
2015 4788 2200 4873 ingenium

505 4997 515 5006 .
586 4928 663 4977 acre
672 4918 878 4994 naturaeque
897 4900 1149 5000 inuestigaodae
1160 4899 1371 4995 apuiflmom
1390 4901 1565 4992 ostendit,
1577 4911 1626 4975 ita
1650 4917 1685 4975 rt
1703 4924 1778 4972 non
1797 4899 1875 4972 istie
1892 4899 2011 4971 dolere
2029 4898 2220 4996 ponimus·

2095 5019 2204 5089 111ιιιιι
