5117 5700
944 641 1594 677 ‘m

1111 686 1154 781 ι
1302 742 1304 747 ,
1996 669 2073 748 ¹39

614 837 702 905 Sane
723 831 984 904 difficultatibus
1000 834 1158 916 vittisque
1174 794 1432 917 'tuis'lledurigii
1456 831 1637 900 methodus
1653 832 1795 902 laborat.
1847 786 1902 904 Sic
1925 853 2071 908 caracte·
2113 834 2119 844 “

463 975 520 1025 res
545 960 695 1046 generici
713 977 732 1021 e
747 953 848 1022 ‘sexus
879 953 1012 1018 ratione
1026 952 1070 1011 et
1099 944 1241 1012 masculi
1269 943 1364 1013 floris
1389 943 1502 1014 forma
1531 950 1695 1041 desumpti
1724 950 1852 1043 semper
1871 955 2068 1026 vacillantes
2208 952 2213 959 ’

463 1086 583 1155 erunt,
609 1094 685 1137 cum
709 1085 825 1137 natura
846 1074 884 1133 in
906 1068 1034 1132 eisdem
1050 1065 1231 1150 generibus
1255 1065 1327 1126 imo
1349 1065 1388 1127 in
1411 1064 1527 1128 eadem
1546 1066 1652 1155 specie
1673 1091 1742 1134 nnn
1763 1092 1840 1139 raro
1859 1073 1939 1165 illos
1963 1075 2069 1163 negli-

370 1270 376 1276 η
462 1203 531 1278 gat.
606 1188 655 1254 At
681 1205 914 1274 quaecumque
934 1168 993 1247 ille
1021 1181 1064 1245 de
1085 1183 1314 1266 generationis
1340 1198 1548 1265 organorum
1576 1182 1688 1248 forma
1714 1198 1747 1251 ct
1766 1184 1837 1267 vsu,
1868 1170 2066 1257 mancorum

460 1302 758 1384 fabrica'lnterna,
786 1299 978 1393 praesertim
1001 1293 1155 1384 capsulae
1176 1305 1210 1359 et
1225 1289 1448 1381 peristomatis
1469 1295 1633 1371 structura
1654 1323 1717 1368 nos
1735 1304 1871 1385 docuit,
1899 1320 1969 1373 rata
1993 1329 2065 1372 ccr·
2197 1338 2210 1355 ·

435 1491 438 1495 ,
459 1431 560 1505 taque
578 1421 780 1499 manebunt,
808 1421 933 1504 quippo
958 1433 1044 1499 quac
1064 1414 1253 1477 innumeris
1272 1408 1565 1479 obseruationibus
1582 1438 1659 1481 cum
1690 1415 1793 1506 ipsius
1818 1428 1967 1489 euctoria
1991 1434 2064 1490 turn

429 1534 605 1614 ssaliorum
629 1548 767 1602 naturae
788 1532 1069 1619 inuestigatorum
1092 1527 1295 1594 confirmata
1318 1542 1352 1595 et
1372 1525 1514 1595 stabilita
1538 1512 1676 1598 fuerint.
1730 1533 1768 1599 ln
1790 1524 1962 1625 suie'ergo
1985 1535 2065 1604 scri·

458 1656 526 1740 ptis
545 1650 604 1716 fibi
628 1664 889 1716 monumentum
914 1648 1036 1733 exegit,
1058 1644 1151 1728 quod
1172 1663 1234 1710 nac
1250 1643 1342 1709 liuor
1361 1647 1560 1725 corrodere,
1578 1669 1639 1714 nec
1655 1626 1745 1717 aetas
1763 1649 1902 1716 abolere
1927 1653 2063 1719 valebit.
2127 1683 2133 1691 ·

458 1767 588 1857 lugenti
602 1780 796 1834 commenta
812 1770 936 1834 etenim
952 1762 1043 1829 delet
1063 1761 1157 1844 dies3
1184 1772 1318 1845 atquae
1336 1780 1379 1825 ex
1400 1759 1473 1849 ipio
1495 1778 1634 1831 naturae
1661 1773 1792 1853 gremio
1817 1767 2063 1838 obseruationla

459 1906 525 1974 ope
540 1887 739 1974 deprompta
754 1870 845 1964 lunt,
870 1882 923 1949 hie
938 1882 1069 1949 vicibus
1085 1877 1278 1944 nullatenus
1295 1881 1445 1947 obnoxia
1461 1881 1619 1948 damnula
1644 1883 1772 1951 saecula
1796 1862 2062 1973 dementiorem·
2142 1870 2163 1894 ³

461 2021 526 2088 quc
541 2003 707 2066 inuidiam
724 2006 865 2066 vincunt
879 2009 914 2065 et
935 1997 978 2065 ad
994 1993 1085 2063 leros
1101 1994 1205 2080 taque
1226 2006 1369 2088 nepotes
1385 2016 1464 2059 cum
1488 1996 1669 2068 detectoris
1691 2007 1833 2068 nominc
1854 2015 1888 2068 et
1902 2000 2062 2071 laudibus

460 2116 652 2211 illabefacta
670 2113 857 2213 transeunt
876 2192 886 2213 Ι,
904 2188 920 2213 ι,
936 2132 969 2214 rs
1068 2192 1074 2211 ‚
