5117 5700
539 664 594 759 ,ο-
1019 642 1655 685 w

542 849 635 919 ditae
646 844 765 926 latent,
790 835 941 932 calyptrai
955 838 1299 931 plerumquevtuntnr
1314 843 1467 908 minima.
1518 836 1611 904 ilinc
1625 838 1663 901 ln
1680 827 1820 929 Pte-scis
1832 832 2004 926 plurimis,
2028 836 2148 915 Funis.

541 964 682 1036 nulibus
697 963 868 1068 omnibus,
892 957 1074 1047 llctiwigiti
1091 957 1228 1038 ciliani,
1259 955 1432 1023 Gritnmid
1451 950 1621 1039 apocorpti
1642 952 1656 1029 (
1666 952 1692 1015 tt
1704 948 1726 1030 l,
1743 947 1964 1044 Neclttrt'sque
1980 982 2051 1028 non
2068 986 2148 1054 pau.

497 1160 502 1168 ,
543 1090 595 1152 cis
610 1080 786 1149 exilissima
805 1083 990 1144 inueniturt
1049 1076 1264 1143 Eiuscemodi
1287 1080 1387 1142 ctiam
1410 1078 1446 1138 in
1467 1066 1677 1157 Polyttirstfr
1698 1072 1853 1152 quemuis
1879 1070 2072 1162 longissime
2089 1102 2150 1171 pa.

545 1199 738 1270 dunculatis
757 1195 979 1277 obseruatur,
1014 1199 1091 1280 quin
1109 1193 1269 1260 villorum
1287 1212 1331 1257 ex
1351 1195 1391 1256 ed
1412 1187 1675 1277 dependentium
1700 1180 1804 1247 denso
1816 1185 1987 1258 velamine
2014 1194 2151 1285 capsule

546 1315 624 1388 setis
641 1315 844 1383 defenditur.
892 1313 942 1380 At
955 1317 1137 1379 inmuscis
1153 1315 1313 1379 omnibus
1327 1329 1387 1374 ex:
1403 1326 1458 1395 gr:
1481 1302 1633 1390 Hyperis,
1660 1297 1834 1383 Tamesis,
1856 1301 1980 1391 Musis,
2004 1304 2150 1394 Lesbiis,

548 1456 696 1523 quorum
712 1429 844 1521 capsula
860 1431 1036 1518 grandiori
1054 1426 1250 1516 pedunculo
1265 1423 1412 1491 infidens
1432 1423 1537 1509 longe
1555 1418 1656 1509 sup'ra
1673 1415 1919 1508 periebaetium
1936 1428 2153 1499 attenuaret

548 1552 755 1639 indumento
777 1545 897 1614 villoso
919 1545 1157 1634 congaudet,
1199 1542 1372 1634 calyptrae
1395 1537 1593 1627 magnitudo
1618 1532 1757 1621 infignis
1784 1534 1840 1599 est.
1908 1538 2010 1612 Adeo
2032 1562 2153 1619 nature

550 1666 773 1739 slumnorum
788 1663 924 1730 suorum
944 1660 1041 1728 saluti
1056 1672 1090 1727 et
1115 1665 1330 1727 incremento
1355 1659 1507 1725 materna
1526 1650 1742 1720 solicitudine
1761 1648 1948 1749 consuluit!

654 1880 823 1951 Procede
837 1878 905 1969 ipsi
928 1877 1101 1969 calyptrae
1121 1874 1286 1944 structuri
1309 1876 1411 1942 nobis
1427 1872 1573 1939 dicenda
1592 1870 1779 1963 supersunt.
1827 1869 1923 1941 lllee
1943 1877 2150 1951 presumente

557 2001 689 2071 duabus
705 1995 901 2066 tenuiiimis
922 1996 1062 2077 constat,
1079 2017 1221 2080 quarum
1238 2000 1389 2061 exterior
1409 1994 1450 2060 ab
1467 1990 1651 2079 Hedwigio
1666 2012 1729 2080 pro
1751 1993 1855 2061 tubae
1874 1974 2043 2063 cuticulae
2064 2012 2155 2085 eata-

556 2124 661 2188 rioris
678 2117 942 2207 prolongatione
959 2113 1113 2194 habetur,
1138 2119 1286 2178 interior
1307 2125 1418 2177 autem
1439 2131 1481 2174 ex
1503 2109 1655 2198 operculi
1672 2113 1768 2198 apice
1794 2133 1865 2198 quo
1888 2135 1966 2181 cum
1988 2128 2078 2183 arcte
2096 2138 2156 2183 co·
2214 2086 2216 2091 Ι

555 2234 685 2313 liceret,
701 2237 895 2301 continuari
914 2232 1056 2296 ridetur.
1106 2230 1197 2294 lnter
1217 2229 1300 2294 duas
1322 2227 1397 2292 illas
1419 2228 1634 2292 membranas
1651 2224 1776 2295 vaseula
1792 2233 1970 2296 innumera
1994 2252 2013 2295 e
2034 2238 2159 2318 germi-

557 2358 615 2445 nis
631 2347 696 2417 basi
716 2363 791 2414 orta
814 2347 986 2435 superiora
1007 2344 1130 2424 versus,
1145 2352 1267 2411 itinere
1288 2345 1393 2411 modo
1410 2355 1523 2421 recto,
1558 2343 1663 2408 modo
1681 2342 1848 2427 flexuoso,
1870 2347 1976 2413 medo
1992 2343 2103 2434 spirali
2121 2361 2157 2414 vt

380 2446 387 2454 ’
463 2556 465 2560 ι
559 2472 599 2534 in
623 2444 747 2530 Leiria
774 2457 974 2540 attenuati,
1010 2471 1197 2525 excurrunt
1225 2471 1258 2524 et
1284 2457 1479 2526 lateralibus
1503 2456 1767 2528 anastomosibus
1789 2475 1857 2528 rete
1878 2460 2157 2550 elegantissimum

554 2580 725 2661 'formant
745 2586 840 2645 cuius
856 2575 990 2646 areolae
1009 2583 1138 2681 apicem
1156 2573 1268 2647 versus
1292 2574 1520 2644 decrescentes
1541 2575 1713 2667 oblongae
1738 2577 1954 2672 plerumque,
1971 2588 2080 2650 rarius
2099 2602 2157 2650 ro·

561 2699 688 2768 tuudae
710 2695 941 2764 obseruantur.

598 2902 602 2914 ¹
666 2917 869 3018 Muccurum
904 2918 1076 2986 foeminea
1099 2904 1257 3007 genitalia
1282 2916 1404 2982 iisdem
1435 2917 1588 3004 partibus
1610 2916 1773 2992 constent¹
1794 2938 1897 3004 quem
1925 2883 2162 3009 proceriorum

484 3065 492 3084 ·
567 3036 720 3126 stirpium
735 3033 869 3124 pistillo,
894 3055 1017 3122 nempe
1040 3035 1175 3109 onorio,
1192 3027 1279 3135 stylo
1302 3045 1334 3096 et
1340 3024 1516 3121 stigmate.
1566 3033 1733 3103 Hisadde
1753 3033 1957 3128 uagfnusoue
1978 3040 2165 3108 cniouuii

567 3150 652 3222 bafia
668 3147 825 3214 inseritur
841 3159 874 3213 et
896 3165 979 3236 quae
993 3153 1120 3216 muscia
1136 3148 1316 3238 peculiaris
1332 3146 1395 3216 esse
1410 3152 1551 3219 ridetur.
1648 3237 1652 3244 ¹

670 3378 844 3449 Ouerium
857 3380 912 3449 seu
932 3381 1063 3452 fructus
1081 3385 1324 3468 rudimentum,
1350 3384 1435 3454 baec
1449 3393 1604 3455 omnium
1625 3390 1766 3457 maximi
1780 3388 1948 3474 momenti
1962 3403 2053 3476 part,
2069 3390 2167 3476 quip-

565 3521 611 3594 pe
634 3523 719 3589 quae
736 3502 869 3568 futurae
884 3501 997 3590 'prolis
1019 3501 1110 3591 spem
1132 3509 1307 3570 contineat
1330 3517 1363 3570 et
1383 3509 1421 3570 in
1446 3511 1543 3573 cuius
1568 3511 1709 3595 gratiam
1734 3505 1817 3573 eliae
1844 3517 1954 3595 partes
1978 3502 2165 3570 exstructae

566 3616 647 3700 sint,
669 3620 819 3687 eiusdem
839 3619 969 3708 figurae
983 3624 1020 3684 io
1037 3623 1196 3687 omuibus
1217 3626 1344 3689 muscis
1357 3625 1551 3703 inuenitur3
1584 3643 1707 3712 nempe
1723 3643 1849 3712 corpus
1871 3620 2075 3709 oblongum,
2090 3618 2165 3684 'basi

570 3712 801 3823 angustatum,
838 3737 1080 3827 calyptreeque
1109 3749 1284 3825 tamquam
1311 3738 1426 3805 fasciis
1451 3739 1648 3806 inuolutum
1673 3739 1790 3810 refert.
1826 3715 1936 3824 fluis
1958 3733 2166 3825 superimpo-

513 3874 516 3882 ·
569 3854 666 3917 nitur
693 3847 820 3935 stylus,
836 3851 950 3915 forma
970 3853 1182 3944 cylindricae
1209 3854 1390 3921 columnae
1416 3859 1588 3945 gaudens,
1625 3856 1774 3923 ductulis
1793 3854 1993 3945 plerumque
2016 3837 2106 3919 binis
2128 3855 2168 3916 in

572 3973 727 4034 ouarium
757 3984 862 4050 reque
880 3964 1160 4036 descendentibus
1181 3969 1364 4059 percursas,
1392 3979 1539 4061 primum
1562 3972 1682 4039 obtuto
1704 3978 1863 4039 acumine
1877 3967 2170 4051 clausae,.iustan·

572 4088 664 4154 tibus
683 4104 762 4151 vero
780 4088 918 4171 nuptiis,
935 4088 1032 4172 apice
1048 4084 1252 4154 dehiscentis
1268 4096 1324 4174 qui
1341 4097 1378 4156 in
1401 4096 1503 4156 tubae
1519 4091 1658 4155 modum
1676 4090 1857 4178 ampliatus
1877 4087 2014 4176 Stigmo
2037 4106 2170 4176 reprae-

571 4200 686 4272 sentat.
736 4199 824 4266 Cum
847 4214 956 4267 autem
975 4207 1012 4268 iu
1032 4202 1108 4270 aliis
1132 4201 1290 4293 stirpibus
1314 4203 1442 4295 Stigma
1464 4204 1673 4295 processibus
1700 4205 1901 4280 succulentis
1927 4203 2086 4270 villorum
2112 4211 2170 4267 aut
2225 4195 2228 4200 ’

570 4339 795 4393 verrucarum
811 4314 922 4383 forma
935 4319 1132 4409 plerumque
1148 4320 1348 4388 instructum
1368 4323 1414 4397 fit,
1429 4325 1472 4390 ad
1490 4323 1678 4389 masculum
1693 4321 1823 4411 sperma
1841 4328 1873 4389 ei
1887 4319 2068 4398 immissum
2091 4320 2173 4384 reti·

574 4442 726 4505 nendum
750 4448 784 4503 et
798 4435 1103 4519 madefaciendum,
1124 4461 1167 4504 ne
1186 4437 1329 4527 siccitate
1346 4453 1567 4527 corrugatum
1592 4446 1624 4510 ri
1646 4440 1704 4506 sud
1727 4440 1961 4520 defraudetur,
1993 4440 2030 4503 in
2045 4439 2173 4502 muscis

576 4572 655 4618 vero
673 4555 797 4621 talibus
816 4566 946 4634 careat,
977 4553 1098 4621 horum
1126 4561 1216 4646 vices
1240 4555 1414 4625 filamenta
1436 4557 1627 4625 succulenta
1649 4558 1854 4647 genitalibus
1876 4551 2112 4645 circumposita
2126 4549 2175 4617 su·

578 4687 703 4756 praque
727 4686 909 4739 memorata
932 4693 1048 4762 gerere
1078 4675 1244 4741 videntur.
1304 4674 1377 4741 Hae
1402 4673 1477 4741 sunt
1508 4696 1702 4742 muscarum
1733 4674 1848 4766 pistilli
1873 4686 1996 4762 partes.
2033 4670 2180 4760 stirpis·

579 4796 689 4849 eutem
707 4794 830 4854 trunco
853 4789 1012 4878 pistillum
1036 4812 1250 4880 nequaquem
1265 4794 1464 4859 immediate
1487 4791 1666 4869 adhaeret,
1696 4793 1752 4860 sed
1779 4791 1864 4857 basis
1886 4790 1981 4856 illius
2001 4785 2175 4877 ungustata

579 4920 665 4989 quse
679 4898 754 4992 post
770 4901 1071 4978 foecundationem
1090 4915 1127 4977 in
1142 4910 1376 5000 pedunculum
1396 4913 1602 4997 extenditur,
1625 4909 1730 4979 instar
1743 4908 1814 5003 pali
1826 4905 2033 5001 corpusculo
2046 4904 2178 4993 saepius

2071 5019 2179 5116 cylin-
