5117 5700
938 626 1620 685 w
2091 657 2174 733 ἀἱ

312 878 316 885 ·
391 826 540 926 timque
556 825 627 902 vsu
640 822 777 901 tamin
789 815 927 921 magns
940 834 1094 894 naturae
1109 813 1267 906 officina,
1283 841 1398 914 quam
1410 816 1453 889 in
1468 816 1612 891 arubus
1628 813 1962 891 vitamhumanam
1977 834 2044 893 aut
2056 835 2166 927 tuen·
2190 851 2195 859 ·

391 982 498 1058 tibus
522 970 595 1057 aut
608 982 831 1075 ornantibus
838 1008 851 1069 ι
874 977 999 1077 postea
1012 976 1186 1050 scientiae
1199 971 1413 1065 historiam,
1437 973 1558 1063 vices,
1583 971 1810 1074 progressus,
1834 977 2062 1075 tandemque
2078 981 2167 1056 elas.

389 1139 606 1224 fificationis
625 1146 770 1224 nostrae
784 1144 1042 1249 fundamenta,
1063 1142 1172 1213 iuxta
1186 1135 1385 1235 Hedwigii
1400 1133 1624 1207 methodum
1642 1129 1687 1203 ab
1710 1131 1793 1227 ipso
1818 1149 1967 1204 auctore
1992 1135 2167 1211 menda·
2191 1102 2199 1109 ¹

342 1366 348 1375 .
389 1323 485 1399 tam,
510 1317 694 1390 continet.
765 1320 812 1386 In
826 1329 930 1409 parte
944 1291 1139 1408 posteriori
1153 1307 1268 1380 huius
1277 1290 1450 1378 'familiae
1463 1301 1614 1397 propria
1628 1296 1780 1372 historia
1797 1317 1987 1374 tractatur.
2060 1307 2165 1380 Haeo

317 1446 333 1593 ,Ι
362 1476 480 1557 sistit
496 1485 658 1571 classem,
684 1504 825 1585 genus,
850 1482 1083 1581 speciemque
1098 1476 1401 1575 uniuscuiusque
1421 1500 1546 1550 muscl
1533 1476 1761 1574 'hucusque
1782 1478 1938 1568 detecti,
1965 1505 2052 1554 cum
2068 1480 2159 1613 dest·

386 1627 540 1701 nitsone
553 1629 739 1726 specifice,
763 1637 1019 1711 recentiorum
1033 1656 1231 1711 auctorum
1245 1615 1491 1734 synonymis,
1523 1643 1601 1715 loci
1623 1645 1779 1730 natalis,
1804 1645 2058 1721 florescentiae
2072 1604 2168 1727 tern-

385 1807 513 1904 poris,
549 1809 837 1914 durationisque
867 1768 1118 1908 indicatione,
1151 1818 1401 1906 Germanicis,
1433 1820 1605 1911 Gallicis,
1635 1821 1807 1936 Anglicis
1835 1842 1915 1898 eto.
1927 1825 2166 1919 nominibus,

385 1968 494 2045 breui
508 1974 671 2071 denique
689 1997 767 2051 tarn
782 1983 932 2076 plantae
945 1982 1071 2079 ipsius,
1087 2006 1201 2078 quam
1216 1983 1298 2057 eius
1312 1981 1539 2058 varietatum
1560 1981 1820 2087 descriptione.
1872 1990 2041 2067 Nomina
2062 2015 2167 2107 noua

385 2143 551 2221 claffium
573 2169 593 2216 e
615 2171 742 2245 graeca
772 2150 905 2248 lingui
926 2110 1120 2248 desumpta
1150 2156 1322 2250 effingere
1343 2156 1454 2223 ausus
1476 2153 1581 2233 suma
1624 2175 1673 2221 an
1696 2150 1804 2221 felici
1828 2153 1987 2231 suocess'u
2008 2156 2165 2238 fecerim

333 2408 336 2413 ,
385 2332 527 2407 aequus
541 2309 727 2383 iudicabit
739 2273 868 2388 sector
919 2310 1087 2433 Nomina
1099 2334 1190 2387 vero
1210 2306 1390 2406 specifica,
1411 2305 1664 2405 Hednigiana
1678 2307 1756 2384 fere
1772 2311 1924 2409 semper,
1947 2319 2165 2396 Linnaeana

280 2588 284 2597 .
382 2509 473 2567 vero
487 2502 526 2558 et
550 2488 814 2572 Schreberisna
825 2434 1046 2592 plerumque
1063 2486 1224 2574 retinui,
1247 2501 1285 2558 et
1300 2508 1341 2557 ea
1357 2499 1509 2557 tannim
1525 2482 1739 2576 immutavi,
1756 2513 1851 2583 quae
1871 2514 2006 2586 parum
2025 2491 2165 2569 idonea

280 2670 282 2675 '
381 2645 626 2739 videbantur,
652 2666 937 2750 autquaenoua
953 2672 1132 2747 generum
1150 2645 1345 2742 dispositio
1368 2645 1512 2721 [entare
1531 2647 1702 2737 vetabat,
1727 2648 1796 2720 vbi
1819 2652 2006 2726 nitnirum
2030 2655 2165 2730 eodem

303 2877 306 2882 .
363 2810 542 2910 *nomine
562 2811 657 2886 duae
678 2812 843 2886 diuersae
862 2786 998 2942 species
1014 2809 1222 2913 designatae
1248 2809 1414 2885 fuissent.
1491 2784 1639 2907 Species
1662 2832 1788 2915 autem
1795 2841 1929 2915 ,quae
1934 2824 2079 2898 triuiali
2094 2852 2163 2904 no·

381 2998 488 3053 nune
496 2979 679 3070 carebant
696 2981 765 3053 tali
782 2977 955 3070 instruxi,
969 2996 1014 3054 vt
1029 3006 1155 3054 earum
1168 2963 1302 3082 patria,
1327 2979 1391 3052 vet
1401 2976 1554 3055 habitus
1568 2978 1784 3072 peculiaris,
1804 2987 1866 3055 vel
1881 2986 2027 3080 primus
2042 2992 2163 3069 obser

381 3107 491 3227 vator
503 3151 594 3227 inde
619 3145 862 3222 notescerent.
894 3150 1137 3252 *synonyma
1159 3144 1289 3218 omnia
1308 3166 1389 3220 non
1406 3142 1567 3234 adduxi,
1592 3167 1641 3215 ne
1661 3143 1795 3217 inutili
1815 3142 2079 3250 fastidioseque
2095 3182 2161 3232 no-

380 3322 534 3398 minum
582 3340 622 3396 et
667 3343 941 3400 numeroruum
976 3317 1202 3420 farragine,-
1197 3342 1318 3414 opus
1363 3318 1519 3389 illud
1506 3342 1551 3389 ιιι
1589 3339 1776 3415 magnum
1815 3316 1933 3390 nimis
1977 3287 2187 3402 uolumen*

382 3485 613 3561 incresceret.
714 3490 820 3556 Inter
862 3479 1085 3570 recentiores
1136 3501 1308 3558 auctores
1344 3506 1456 3574 vero,
1494 3482 1648 3553 nullum
1687 3455 1869 3556 omittere
1894 3480 2045 3575 studui,
2091 3484 2160 3588 qui

381 3649 497 3768 nouis
542 3643 772 3722 nominibus
811 3609 950 3742 species
1004 3642 1272 3743 designauerit,
1322 3663 1389 3718 aut
1437 3644 1754 3740 descriptionibus
1793 3648 2010 3745 adaequatis
2051 3648 2160 3721 illus·

296 3817 300 3824 ’
341 3891 343 3896 .
380 3814 547 3900 trauerit.
600 3810 677 3910 Qut
695 3811 803 3907 plura
823 3805 1425 3900 desiderabunt,1n1’ollichu
1445 3805 1582 3880 Flora
1609 3806 1929 3901 Palatinatus,
1955 3808 2158 3884 Neokeri

381 3984 614 4069 Methodo
633 3943 927 4072 Muscorurn,
957 3978 1151 4062 Weissii
1177 3975 1517 4079 Cryptogamia
1544 3979 1857 4086 Gottingensi
1881 4004 1922 4055 ea
1942 3977 2155 4075 inueniant,

379 4158 430 4244 ne
446 4137 717 4212 Dillenium
737 4135 972 4240 taceamj'qni
984 4141 1027 4215 in
1041 4140 1109 4216 suo
1121 4138 1321 4239 stupendae
1332 4141 1809 4243 scientiaediligantiaeque
1824 4167 1943 4241 opere,
1956 4158 2155 4220 auctorum

382 4301 636 4382 vetustiorum
648 4303 861 4401 synonyma
886 4307 1014 4382 omnia
1033 4309 1205 4388 adduxit.
1277 4310 1551 4387 Floresoentiae
1575 4324 1745 4406 tempus,
1779 4308 1878 4382 illud
1900 4327 2047 4400 nempe,
2073 4328 2155 4404 quo„

381 4475 536 4569 nuptias
557 4471 641 4547 suas
662 4471 809 4546 tamdiu
825 4455 1030 4574 ignotas-et
1044 4482 1145 4580 apud
1160 4484 1372 4555 nonnullos
1388 4481 1511 4554 adhuc
1524 4478 1598 4553 fide
1610 4494 1785 4563 carentes,
1801 4471 1930 4568 stirpes
1945 4466 2091 4544 nostrae
2110 4491 2152 4541 oe

378 4622 537 4714 lebrant,
561 4646 746 4723 quantum
768 4613 1090 4726 potuili'ndicaui3
1128 4639 1191 4713 sed
1215 4596 1318 4715 soius
1338 4639 1416 4713 fere
1434 4637 1663 4735 Hedwigius
1684 4615 1784 4704 mihi
1801 4632 1844 4704 in
1860 4634 1900 4705 ei
1920 4646 2024 4728 parte
2051 4650 2152 4700 ome·

380 4782 490 4877 tulit,
510 4810 599 4866 cum
612 4813 780 4870 auctores
802 4769 966 4891 caeteri,¹
984 4801 1185 4879 Schradaro
1206 4821 1333 4880 tamen
1355 4821 1529 4903 excepto,
1555 4816 1708 4875 tantum
1727 4815 1877 4895 tempus
1899 4781 1977 4893 quo
2000 4804 2149 4858 musco·
2244 4863 2248 4868 ,

1369 4954 1394 5026 b
