5117 5700
961 600 1631 645 ·.................-.-
2039 619 2088 699 ⁶⁷

486 790 647 859 sationem
664 804 797 860 tentare
811 789 889 861 sana
907 810 1035 882 operae
1050 795 1217 880 praetium
1242 785 1338 869 esset,
1354 798 1399 856 et
1411 786 1502 857 forte
1523 811 1580 859 ers
1597 790 1721 872 nostra,
1741 788 1828 880 quae
1851 796 2014 861 omniurn
2033 809 2092 858 ao·

485 916 607 983 n'srurn
629 908 765 1000 stirpes,
792 894 1276 998 alpinasetjaequinoctiales,
1300 903 1489 975 mansuetae
1511 922 1544 974 et
1556 886 1650 976 seras·
1668 909 1725 976 fibi
1741 905 1886 998 subegit,
1914 912 2005 975 etin
2033 926 2099 985 aot

483 1025 562 1097 dem
585 1022 689 1092 horto
713 1022 1025 1119 hyberuaculosarn
1041 1038 1076 1091 et
1093 1020 1350 1091 aestiuariorum
1372 1040 1439 1110 ope
1453 1023 1645 1111 calorisque
1666 1038 1699 1092 et
1726 1009 1938 1093 humiditatis
1961 1004 2090 1112 temps·

482 1144 559 1209 sati
573 1115 723 1207 missuri
742 1143 865 1208 educat
883 1155 917 1207 et
931 1138 1159 1230 multiplicat,
1185 1157 1384 1208 moscorum
1407 1141 1510 1204 etiam
1528 1141 1694 1210 feritatem
1723 1139 1977 1209 mansuefacere
1998 1140 2088 1206 vale·

431 1308 437 1319 .
459 1258 544 1327 'bit
592 1257 696 1324 Forte
710 1256 784 1345 polt
802 1261 922 1345 viginti
942 1276 1053 1325 annos
1071 1250 1112 1325 in
1133 1252 1348 1321 curiosorum
1362 1266 1396 1322 et
1420 1258 1658 1323 botanicnrum
1680 1256 1804 1338 hortis,
1825 1256 1952 1325 semine
1968 1261 2040 1323 nati
2053 1265 2087 1325 et

480 1369 624 1463 pulchra
649 1377 800 1462 vigentes
831 1373 998 1446 beneficio
1018 1378 1103 1445 artis
1127 1368 1397 1442 antecessoribus
1415 1371 1587 1479 'denegato
1614 1375 1831 1443 uidebuntur.
1900 1426 1903 1432 .

491 1666 499 1689 ,
579 1608 653 1676 Iarn
669 1611 728 1677 diu
751 1612 794 1680 de
812 1612 938 1702 plantis
962 1624 1000 1678 ut
1015 1612 1278 1683 deenimalibus
1297 1611 1597 1701 obfematomgesn
1621 1612 1705 1680 alias
1722 1609 1886 1692 solitarie,
1910 1611 1994 1680 alias
2015 1630 2090 1700 gra·
2158 1640 2188 1686 ς.

480 1731 585 1817 ultim
599 1730 723 1816 dtgers
735 1733 850 1798 sitam.
899 1729 1066 1821 Equidem
1093 1735 1131 1795 in
1154 1729 1298 1814 multum
1315 1729 1539 1817 frequentatis
1556 1736 1754 1819 regionibus
1769 1743 1880 1796 terrae
1893 1729 1998 1797 facies
2021 1719 2229 1794 hesocmt·
2249 1733 2259 1754 ·

478 1849 610 1935 minum
624 1843 800 1913 laboribus
818 1846 905 1915 adeo
920 1849 1100 1913 immutata
1118 1845 1173 1928 ast,
1195 1858 1232 1913 ut
1253 1847 1438 1914 multarum
1463 1847 1655 1936 plantarum
1667 1846 1806 1914 uiuendi
1833 1851 1921 1911 ratio
1943 1841 2256 1910 consur-Tmmm

362 2011 369 2020 .
479 1964 590 2044 tiique
605 1960 696 2045 leges
718 1961 979 2043 quodammodo
1001 1961 1177 2050 peruetfae
1197 1964 1335 2030 fuerint.
1385 1961 1499 2031 Musei
1516 1977 1655 2043 contra,
1679 1961 1813 2028 culturi
1836 1961 1931 2028 nulia
1955 1952 2089 2027 subaot'l
2163 2040 2171 2053 ι

479 2087 514 2139 et
538 2071 673 2139 sedibus
696 2071 845 2140 loisnon
881 2073 1070 2156 disturbati,
1100 2081 1238 2143 certiori
1273 2075 1563 2166 constantiorique
1597 2078 1738 2144 foedare
1776 2082 1878 2143 vitam
1909 2085 2088 2169 peragente

461 2187 569 2257 istm
586 2186 645 2257 alti
659 2185 942 2275 sempsvsolitarii
950 2235 964 2274 ,
989 2188 1047 2257 alii
1060 2203 1176 2257 amem
1191 2188 1322 2278 semper
1337 2187 1451 2254 sociali
1471 2192 1611 2257 vinculo
1625 2194 1733 2257 iuncti
1749 2193 1984 2265 inueniuntur.
2035 2185 2086 2252 Ae

474 2310 632 2395 priorum
665 2324 827 2373 numerus
859 2304 971 2371 multo
1002 2310 1119 2373 minor
1144 2304 1200 2373 eft.
1257 2306 1348 2373 luter
1370 2324 1430 2372 eos
1460 2303 1655 2393 Pulytriclro
1687 2298 1879 2391 Plascaquc
1904 2299 2084 2376 nonnulle,

478 2416 606 2510 Weiffiu
619 2414 785 2508 paludoso
805 2417 870 2506 (B)
891 2419 1019 2511 Hypsa
1033 2421 1199 2511 quaedam
1215 2396 1342 2509 ex.'gr.
1364 2421 1505 2500 loreum,
1520 2484 1524 2496 ,
1538 2420 1710 2507 riparium
1716 2465 1729 2501 ,
1751 2415 1962 2495 Fontinalrs,
1987 2415 2081 2483 Bux·
2175 2455 2182 2468 ,

475 2535 617 2602 saumis
640 2533 777 2621 aplylln
795 2548 858 2600 etc.
882 2547 1115 2605 numerantur.
1167 2535 1425 2608 obseruandum
1443 2549 1554 2605 autern
1569 2534 1634 2605 hos
1650 2555 1806 2611 muscos,
1833 2539 1890 2622 qui
1908 2531 2079 2601 societatis

476 2660 633 2739 expertas
647 2640 776 2731 visunt,
789 2646 874 2715 tales
891 2647 1097 2734 potisfimuui
1120 2648 1196 2742 else,
1214 2658 1272 2736 qui
1298 2652 1466 2721 obnaulis
1494 2650 1649 2720 staturam
1669 2654 1846 2719 minimam
1874 2663 1911 2716 ut
1935 2646 2079 2726 Plasta,

480 2777 537 2836 aut
551 2764 759 2850 rigiditatem
779 2773 819 2831 ut
839 2758 1055 2849 Polynicis,
1079 2759 1306 2833 authabitum
1320 2762 1504 2856 serpentem
1520 2776 1558 2830 ut
1571 2763 1716 2852 Hypsea,
1742 2779 1861 2831 mutuo
1876 2764 1989 2839 fulcro
2005 2784 2079 2829 non
2215 2833 2217 2837 ,

478 2892 598 2969 egent;
619 2890 675 2945 aut
697 2884 754 2964 qui
775 2883 812 2947 in
835 2883 932 2964 aquis
954 2876 1062 2945 libere
1082 2876 1259 2948 fluitantes
1284 2877 1458 2969 iocineris·
1477 2879 1600 2949 foedus
1628 2883 1810 2946 inire-non
1837 2863 1990 2967 possunt.¹
2032 2877 2077 2947 lis

477 2997 694 3082 autemsqui
715 2999 880 3084 gregatim
907 2992 1245 3065 babitantconfortii
1270 2994 1361 3081 leges
1391 2996 1650 3061 non‘omnibns
1676 2996 1811 3076 eadem,
1840 2992 2077 3079 societatisque

476 3109 610 3182 vincula
627 3110 715 3199 apud
728 3130 790 3178 eos
809 3131 903 3178 nunc
917 3116 1064 3182 arctiora
1080 3133 1172 3178 nunc
1185 3110 1319 3180 laxiora
1333 3117 1563 3199 reperiuntur.
1613 3109 1688 3178 Alii
1711 3117 1839 3190 etenim
1856 3124 1892 3177 ut
1908 3105 2079 3198 Fljjidcera
2112 3188 2116 3195 ι

438 3235 442 3240 ’
473 3221 659 3317 tuxifols'us
674 3221 770 3309 (tt),
790 3218 958 3311 Fissideea
979 3225 1213 3293 denticulatus
1235 3224 1332 3308 (tt),
1357 3228 1533 3298 radicibus
1566 3227 1727 3317 implexis
1756 3232 1920 3306 connexi,
1950 3224 2040 3313 quali
2056 3246 2079 3290 e
2117 3267 2123 3285 .

473 3344 650 3412 communi
673 3353 793 3406 centro
814 3341 1057 3410 diffunduntur
1073 3355 1106 3407 et
1131 3342 1258 3410 diuersa
1277 3358 1448 3430 petentes,
1478 3344 1647 3411 nullume
1669 3342 1847 3423 societate,
1881 3359 1918 3410 ut
1947 3350 1992 3408 ita
2022 3343 2086 3408 lo·-

473 3477 576 3547 quan,
607 3453 827 3519 commodum
855 3457 1057 3542 percipiunt·
1107 3455 1181 3522 Alii
1216 3456 1317 3524 dense
1338 3456 1484 3523 conserti
1510 3470 1545 3522 et
1578 3457 1738 3545 paralleli
1762 3456 1954 3523 directione
1975 3460 2073 3522 verti·

472 3573 590 3644 naliter
616 3572 719 3638 erecti
741 3564 806 3639 lese
830 3579 949 3634 mutuo
973 3568 1240 3653 sustentantgita
1267 3587 1305 3640 ut
1327 3594 1447 3644 eorum
1469 3572 1576 3638 caulis
1598 3576 1657 3656 qui
1679 3570 1861 3656 aliquando
1885 3573 2010 3659 ex.'gr.-
2033 3576 2073 3637 ia

472 3683 640 3777 Splaclaso
660 3680 850 3774 sphaerico,
881 3671 968 3753 adeo
992 3684 1118 3753 debilis
1144 3686 1214 3770 ests
1237 3702 1276 3758 ut
1297 3686 1368 3754 line
1386 3690 1498 3757 amici
1525 3706 1590 3773 ope
1612 3689 1851 3775 procumberet
1873 3708 1892 3751 e
1913 3683 2072 3753 societate
2143 3775 2147 3782 ἱ

471 3800 748 3887 consortiumque
768 3801 898 3872 auxilio
921 3816 1054 3872 erectus
1068 3816 1212 3872 maneat.
1263 3802 1396 3872 Horum
1416 3814 1528 3869 autem
1546 3799 1724 3868 nonnullis
1746 3814 1785 3869 ut
1806 3799 1984 3892 Fillideatf
1995 3800 2071 3890 pul·

473 3919 597 3984 nitroso
622 3915 726 3998 (B),
744 3917 967 3997 Ortlaosriclm
987 3922 1101 4007 crispo
1128 3932 1162 3987 rt
1177 3920 1339 3993 neomuto
1354 3918 1409 4006 (Β
1430 3916 1584 3985 striatum
1605 3915 1723 4000 Van),
1756 3909 1920 3985 Turtulnl
1939 3917 2071 3985 murali

469 4025 568 4117 (Β),
602 4025 729 4095 l’ltosco
751 4028 913 4120 pillsero,
938 4028 1076 4130 ll'elfflus
1098 4031 1354 4125 summussos,
1387 4034 1580 4103 Grimms‘ae
1601 4047 1804 4101 recuruatae
1820 4035 1870 4116 (B
1887 4030 2070 4117 setacemn)

431 4185 436 4196 ·
469 4152 507 4212 in
531 4143 697 4237 puluillos
729 4143 998 4218 suborbiculares
1021 4153 1312 4222 connexiusculos
1341 4150 1512 4220 crescendi
1534 4151 1662 4217 modus
1684 4152 1771 4217 adeo
1785 4148 1945 4218 solemnis
1959 4148 2013 4229 est,
2029 4159 2067 4211 ut
2122 4239 2124 4244 Ι

468 4282 654 4348 numquam
688 4259 759 4327 fere
799 4261 896 4364 aliter
923 4263 989 4334 scfe
1010 4259 1217 4359 spectandos
1241 4272 1524 4357 praebeanteta
1552 4262 1759 4333 Lichenibus
1791 4268 1995 4353 quibuscum
2022 4261 2066 4327 ad
2126 4243 2130 4250 ⁵

359 4411 362 4416 ·
469 4399 606 4459 mutos,
630 4375 745 4464 lapide
760 4389 794 4444 et
811 4391 955 4450 truncos
969 4389 1164 4471 promiscue
1179 4384 1442 4465 babitanthanc
1457 4383 1592 4452 uiuendi
1617 4385 1784 4450 rationem
1807 4384 1951 4447 mutuati
1977 4376 2066 4443 vide·
2183 4418 2187 4430 -

468 4509 579 4564 antur.
628 4493 699 4559 Nec
715 4493 779 4559 alia
794 4498 832 4559 in
847 4502 896 4562 eis
912 4504 1048 4582 muscis,
1063 4506 1122 4590 qui
1135 4502 1231 4570 duris
1241 4510 1443 4590 corporibus
1457 4499 1554 4567 affixi
1565 4477 1881 4596 uiuuntasfe'potelt.
1917 4490 2066 4568 ‚Planiu-

467 4611 499 4680 la
517 4630 650 4699 nempe,
672 4631 759 4695 quae
786 4615 824 4677 in
840 4611 897 4678 tali
920 4613 1003 4682 loco
1019 4622 1129 4706 prima
1150 4617 1225 4687 calu
1241 4616 1333 4686 fedas
1351 4623 1494 4697 invenlt,
1517 4629 1641 4682 terram
1664 4614 1860 4680 volitantem
1886 4606 2065 4676 circumis
2123 4673 2140 4700 Γ

469 4730 621 4815 undique
648 4719 798 4816 colligit3
828 4725 1012 4800 seminibus
1033 4746 1143 4802 autem
1164 4757 1184 4802 a
1209 4734 1467 4808 maturissimi
1496 4731 1561 4798 sese
1586 4738 1623 4796 in
1645 4733 1767 4793 vicinia
1797 4725 2062 4805 effundentibus,

468 4866 550 4929 quae
564 4843 667 4934 paulo
679 4843 847 4952 longiusa
862 4843 964 4938 stirpe
985 4853 1025 4917 io
1043 4845 1223 4942 superlicio
1242 4857 1336 4920 nudi
1357 4866 1391 4923 et
1409 4850 1506 4922 aridi
1527 4844 1779 4937 disperguntur„
1815 4841 1888 4913 solo
1916 4848 2060 4910 nutritio

725 4979 733 4990 '
1245 4967 1259 5032 t
1285 4982 1308 5036 2
2026 4972 2060 5026 at
