5117 5700
535 674 590 759 μ
1029 658 1652 704 w

534 852 727 951 potissimos
739 846 942 921 eorumesos
959 851 997 915 in
1013 862 1137 939 magne
1151 832 1292 912 naturae
1307 836 1526 923 oeconomia,
1542 848 1601 913 obi
1619 850 1734 915 omnia
1750 848 1787 912 in
1802 860 1960 917 mutuum
1976 822 2144 917 acrisium

536 969 783 1042 ordinata-sont
804 982 838 1034 et
860 974 902 1034 ad
917 965 1063 1034 uniuersi
1079 963 1324 1053 perfectionem
1344 954 1517 1029 unanimis
1539 968 1718 1032 conatibus
1735 968 1890 1044 modoet,
1906 966 2144 1055 conspicimus.

536 1090 582 1163 sle
609 1096 734 1155 etenim
761 1085 982 1175 pulcherrimi
1004 1084 1215 1164 maximique
1237 1074 1404 1143 momenti
1431 1090 1569 1148 mutue
1593 1086 1630 1146 in
1659 1080 1724 1147 hle
1740 1086 1945 1147 oeconomia
1968 1082 2144 1162 debentur,

403 1266 408 1273 .
538 1212 614 1295 qui,
639 1201 1120 1276 siaullosexisteretmoscus,
1139 1208 1201 1261 aut
1213 1199 1348 1282 aegrior
1362 1206 1418 1261 aut
1435 1194 1628 1263 nuliatenus
1644 1196 1874 1278 succederent,
1899 1219 1961 1262 nec
1977 1204 2034 1282 qui
2054 1220 2149 1287 prae·

536 1306 648 1391 sentes
667 1320 742 1387 lunt
765 1324 830 1384 rite
851 1318 1014 1406 explicari
1035 1310 1179 1403 possent.
1238 1311 1307 1378 Eos
1321 1316 1427 1399 igitur
1452 1315 1547 1379 rudis
1574 1314 1750 1402 plebecula
1772 1313 1909 1380 inutiles
1926 1320 1999 1379 imo
2018 1321 2147 1382 noxios

538 1450 654 1533 putet,
680 1458 742 1505 eor
753 1434 897 1501 Lionaei
913 1432 1071 1521 discipuli
1094 1434 1251 1515 quamuis
1278 1427 1422 1495 meliora
1439 1431 1552 1495 edocti
1571 1430 1699 1497 Florae
1708 1426 1831 1518 sereor
1844 1444 1877 1496 et
1896 1436 2065 1519 mancipia
2088 1452 2149 1498 vo·
2217 1486 2219 1491 .

540 1545 710 1643 eeutSyfl.
721 1549 993 1639 Vegetffluhpta
1014 1568 1077 1614 nos
1088 1552 1364 1633 megoaepartee,
1381 1566 1469 1632 quae
1487 1552 1531 1612 iit
1548 1552 1585 1612 in
1601 1548 1910 1639 FloraeetSyluani
1926 1568 2033 1636 regno
2051 1552 2149 1614 attri-

539 1674 644 1741 butae
658 1669 733 1737 sunt
748 1677 920 1743 miramur,
940 1680 974 1731 et
992 1664 1249 1753 paulopienius,
1264 1652 1363 1746 quam
1377 1659 1554 1748 hucusque
1572 1663 1696 1730 sactum
1714 1663 1928 1728 esteuoluere
1944 1665 2149 1757 ocexplica·

539 1808 602 1869 ee,
622 1809 696 1855 non
714 1786 784 1853 sine
799 1786 946 1873 quodam
957 1828 969 1860 ,
996 1795 1033 1848 ut
1049 1780 1239 1869 speramur,
1262 1777 1404 1847 lectoria
1418 1776 1683 1862 delectamento,
1709 1782 1933 1869 aggredimur.

543 2020 556 2049 ³
628 2060 632 2067 ·
689 2016 826 2088 Terrae
840 2016 973 2085 nostroe
992 2014 1202 2103 superficiem
1219 2012 1274 2080 seu
1290 2011 1433 2081 crustam
1454 2018 1660 2082 exteriorem
1679 2011 1821 2079 humum
1836 2010 1964 2077 dictam
1980 2032 2066 2097 quae
2082 2010 2150 2080 ho·

541 2139 874 2221 ninomeoumque
887 2134 1065 2202 laboribus
1079 2110 1229 2200 exercita
1252 2138 1354 2197 nohis
1377 2132 1522 2201 cerealia
1538 2133 1674 2222 praehet
1691 2132 1801 2209 dona,
1826 2148 1997 2215 quamque
2014 2132 2148 2214 antiqui

542 2250 717 2325 Tellurem
735 2253 905 2339 Magnam
929 2266 1091 2331 matrem,
1107 2257 1232 2337 quippe
1257 2270 1345 2332 quae
1373 2255 1488 2314 omnia
1514 2256 1633 2338 pariat,
1663 2254 1844 2325 vomuere,
1884 2264 1927 2311 ex
1948 2243 2150 2315 animalium

539 2354 804 2460 plantarumque
831 2368 963 2432 exuviis
987 2366 1039 2430 vel
1064 2369 1185 2453 partim
1202 2375 1334 2427 tantum
1350 2371 1501 2450 coruptis
1517 2366 1568 2431 vel
1584 2366 1833 2453 putrefactione
1855 2368 1921 2429 iana
1943 2364 1984 2429 ad
2000 2363 2148 2427 elemen-

478 2510 484 2521 ·
541 2482 647 2551 Μαι
669 2484 839 2561 rennuis,
868 2484 1034 2545 terrarum
1056 2482 1302 2567 primitivarum
1324 2476 1503 2567 praecipue
1525 2480 1697 2547 calcareas
1720 2493 1754 2547 et
1780 2477 1954 2569 argillosae
1971 2478 2149 2568 particulis

544 2598 731 2676 admixtis,
766 2595 1131 2681 constare,unicuiqoe
1156 2596 1368 2683 compertum
1396 2592 1452 2659 est.
1525 2597 1613 2663 lllud
1638 2619 1720 2664 vero
1744 2596 1849 2665 solum
1877 2598 1970 2664 unde
1990 2570 2155 2663 alimenti
2187 2580 2190 2586 ¹

480 2782 487 2793 ,
544 2724 753 2805 ctrptmnne
773 2720 898 2782 muscis
915 2720 1061 2804 primam
1079 2715 1205 2778 ducere
1220 2717 1389 2798 originem
1407 2715 1521 2779 minue
1543 2718 1719 2801 cognitum
1736 2714 1800 2796 est,
1831 2719 1965 2781 ratione
1989 2727 2099 2781 umen
2115 2719 2152 2778 et

545 2830 847 2901 obseruationibus
869 2853 934 2900 nos
955 2831 1041 2897 iliud
1065 2828 1283 2896 discentibus.
1340 2828 1426 2898 Toti
1442 2840 1610 2896 terrarum
1634 2836 1710 2899 orbi
1733 2831 1918 2918 aquas-dio
1952 2826 2150 2905 incubuisse,

546 2948 669 3017 sensim
690 2949 802 3040 postea
825 2947 1019 3027 discesfisse,
1043 2947 1133 3014 etin
1160 2965 1280 3033 magua
1302 2945 1513 3033 receptacula
1537 2949 1673 3013 tandem
1687 2946 1974 3015 conlluxissecom
1997 2957 2150 3038 gentiunt

546 3072 707 3134 omnium
723 3063 969 3150 antiquissimae
980 3064 1194 3141 traditiones,
1215 3068 1481 3128 tommontium
1506 3061 1667 3133 structura
1684 3041 1934 3154 corporumque
1954 3068 1992 3128 in
2025 3069 2075 3130 eis
2097 3064 2155 3129 de·

471 3179 489 3196 '
545 3178 793 3270 prehensurum
818 3178 1034 3266 inuestigatio
1055 3176 1228 3244 testantur.
1278 3177 1391 3264 Aquis
1420 3193 1532 3247 autem
1553 3167 1611 3247 aut
1633 3186 1754 3270 partito
1778 3191 1836 3244 aut
1858 3176 1992 3267 prorsue
2017 3155 2150 3264 elapsis,

548 3293 729 3380 humoque
763 3293 920 3361 noudum
943 3291 1095 3361 exstante
1110 3291 1165 3359 secl
1189 3291 1261 3360 solo
1287 3317 1421 3362 emero
1443 3295 1629 3364 sedimento
1652 3293 1910 3390 aqulfldepofito
1937 3293 2150 3362 infoecuodo

547 3411 744 3494 constante,
767 3426 901 3502 praeter
924 3429 1047 3501 paoem
1062 3409 1178 3500 stirpes
1193 3417 1367 3496 aquaticae
1383 3414 1475 3480 nulia
1493 3415 1557 3482 alia
1575 3413 1776 3504 vegetabilia
1796 3397 1894 3498 ,oriri
1915 3425 1950 3479 et
1969 3414 2150 3501 propagari

547 3529 833 3622 potuissepaiam
862 3528 920 3604 est,
940 3528 1005 3594 nili
1034 3547 1120 3612 quae
1151 3530 1282 3594 radices
1308 3536 1492 3596 interram
1519 3551 1590 3598 non
1614 3529 1681 3597 alte
1703 3529 1881 3618 defigunt,
1913 3527 2150 3595 humiditatem

545 3650 650 3718 euide
664 3645 836 3728 alliciunt,
857 3646 973 3713 calore
992 3645 1100 3711 molto
1123 3667 1193 3710 ooo
1209 3660 1325 3734 egent,
1363 3660 1397 3713 et
1422 3653 1640 3737 praecipuum
1663 3641 1860 3714 alimentum
1884 3667 1927 3712 ex
1957 3665 2033 3713 aere
2054 3647 2150 3738 poris

547 3761 685 3850 snguuh·
727 3761 831 3832 Tales
852 3761 969 3850 stirpes
990 3760 1064 3827 sunt
1086 3768 1207 3844 musei,
1223 3769 1345 3849 quibus
1366 3771 1512 3853 primum
1529 3769 1637 3832 enatis
1653 3777 1687 3831 et
1711 3762 1837 3831 summi
1850 3761 2020 3831 eeleritate
2042 3765 2151 3826 incre·

549 3878 719 3960 dihilique
745 3880 846 3965 copia
873 3877 1107 3963 multiplicatio
1136 3901 1205 3945 non
1236 3892 1369 3947 tautum
1404 3902 1490 3969 aqua
1522 3879 1675 3971 absorpta
1700 3887 1811 3950 indies
1832 3883 2061 3958 minuebatur,
2096 3875 2151 3943 sed

548 4012 597 4061 ex
631 3999 753 4059 eorum
781 3992 938 4080 reliquiis
968 4007 1124 4081 tempore
1159 3997 1382 4066 accumulatis
1407 3996 1514 4066 solum
1538 3999 1685 4086 vegetale
1707 3997 1782 4066 aliia
1809 3995 1970 4087 llirpihus
1993 3994 2151 4061 fouendis

545 4112 812 4197 nutriendisque
845 4124 961 4199 aptum
988 4125 1144 4179 exortum
1174 4111 1230 4179 est.
1280 4113 1361 4207 Quo
1388 4113 1462 4182 solo
1490 4119 1674 4201 quotannis
1697 4113 1885 4206 assurgente
1910 4115 1995 4182 aliae
2018 4113 2154 4204 plantae

546 4225 742 4322 praesertim
773 4234 926 4317 gramina
954 4227 1076 4296 laetior
1099 4234 1246 4318 vigentia
1276 4251 1490 4319 numeroque
1510 4237 1698 4301 crescentia
1719 4225 1868 4300 in'noua
1901 4253 2003 4322 regna
2027 4219 2169 4295 subiere

547 4360 737 4415 etmoecos
753 4351 874 4435 priscis
894 4346 1030 4416 sedibus
1045 4345 1215 4437 expulere.
1262 4347 1349 4416 Sica
1371 4346 1533 4438 plantulit
1558 4348 1645 4428 illis,
1680 4369 1764 4437 quas
1786 4349 1907 4439 vulgus
1929 4357 2084 4439 ignarum
2101 4367 2156 4446 pe.

548 4462 800 4534 dibueincurie
818 4465 946 4540 calcat,
980 4469 1081 4532 nobie
1103 4469 1345 4552 vegetationis,
1370 4467 1541 4545 culturae,
1575 4473 1766 4551 arationis,
1808 4467 1931 4538 Plotae
1952 4488 2022 4535 uno
2049 4451 2176 4532 verbo·

551 4577 756 4669 Cererisque
785 4602 968 4647 munerum
991 4581 1194 4666 primordie.
1250 4582 1321 4649 Nec
1341 4582 1429 4649 illud
1454 4603 1584 4649 merum
1608 4589 1739 4675 ingenii
1756 4598 1988 4653 commentum
2014 4583 2077 4665 est,
2099 4581 2155 4648 sed
2182 4638 2184 4642 .

550 4702 761 4784 quotidianis
790 4697 1083 4766 obseruationibus
1108 4694 1366 4767 conlirmatur.'
1404 4700 1517 4767 indies
1550 4709 1642 4769 euim
1670 4706 1822 4772 ridemus
1845 4701 1946 4770 fossae
1968 4716 2002 4768 et
2032 4701 2154 4789 stagna,

547 4813 752 4900 fimulatque
774 4835 860 4897 aque
887 4814 1052 4882 subsidere
1074 4819 1217 4906 incipit,
1256 4819 1360 4883 variis
1385 4835 1581 4887 museorom
1598 4817 1771 4911 speciebut
1787 4809 2155 4908 praesertimsphugno

534 4921 712 5018 palustri,
737 4928 863 5018 Hygino
876 4927 1053 5021 cuspidem
1069 4945 1103 5001 et
1124 4930 1245 5030 Merfiti
1264 4929 1435 5023 usighr'offi
1453 4933 1507 5023 (Β
1529 4935 1720 5032 includes)
1744 4937 1900 5040 impleri,
1932 4939 2013 5007 inde
2036 4933 2154 5006 seufim

1994 5057 2155 5119 ·in
